[
  {
    "id": "2025-11-06T01:09:22.352Z0.3645740322700648",
    "type": "buy",
    "market": "KRW-BTC",
    "price": 154475000,
    "amount": 0.0003236769703835572,
    "timestamp": "2025-11-06T01:09:22.352Z",
    "source": "2025-11-05T08:25:30.489Z0.463710673961543"
  },
  {
    "id": "2025-11-06T01:08:29.520Z0.019986713812734314",
    "type": "buy",
    "market": "KRW-BTC",
    "price": 154577000,
    "amount": 0.00032346338717920516,
    "timestamp": "2025-11-06T01:08:29.520Z",
    "source": "2025-11-05T08:25:30.489Z0.463710673961543"
  },
  {
    "id": "2025-11-06T01:08:29.474Z0.18193643721848474",
    "type": "buy",
    "market": "KRW-BTC",
    "price": 154577000,
    "amount": 0.00032346338717920516,
    "timestamp": "2025-11-06T01:08:29.474Z",
    "source": "2025-11-05T08:25:33.864Z0.6781400701635576"
  },
  {
    "id": "2025-11-06T01:08:29.427Z0.4250756761820923",
    "type": "buy",
    "market": "KRW-BTC",
    "price": 154577000,
    "amount": 0.00032346338717920516,
    "timestamp": "2025-11-06T01:08:29.427Z",
    "source": "2025-11-05T08:25:33.864Z0.6781400701635576"
  },
  {
    "id": "2025-11-06T01:08:29.403Z0.6187635866220961",
    "type": "buy",
    "market": "KRW-BTC",
    "price": 154577000,
    "amount": 0.00032346338717920516,
    "timestamp": "2025-11-06T01:08:29.403Z",
    "source": "2025-11-05T08:25:30.489Z0.463710673961543"
  },
  {
    "id": "2025-11-06T01:08:29.348Z0.46553781756520185",
    "type": "buy",
    "market": "KRW-BTC",
    "price": 154577000,
    "amount": 0.00032346338717920516,
    "timestamp": "2025-11-06T01:08:29.348Z",
    "source": "2025-11-05T08:25:30.489Z0.463710673961543"
  },
  {
    "id": "2025-11-06T01:07:29.478Z0.3028277981435873",
    "type": "buy",
    "market": "KRW-BTC",
    "price": 154796000,
    "amount": 0.0003230057624228016,
    "timestamp": "2025-11-06T01:07:29.479Z",
    "source": "2025-11-05T08:25:30.489Z0.463710673961543"
  },
  {
    "id": "2025-11-06T01:07:29.421Z0.7653246741952578",
    "type": "buy",
    "market": "KRW-BTC",
    "price": 154796000,
    "amount": 0.0003230057624228016,
    "timestamp": "2025-11-06T01:07:29.421Z",
    "source": "2025-11-05T08:25:30.489Z0.463710673961543"
  },
  {
    "id": "2025-11-06T01:07:29.365Z0.46905960637080346",
    "type": "buy",
    "market": "KRW-BTC",
    "price": 154796000,
    "amount": 0.0003230057624228016,
    "timestamp": "2025-11-06T01:07:29.365Z",
    "source": "2025-11-05T08:25:30.489Z0.463710673961543"
  },
  {
    "id": "2025-11-06T01:06:30.112Z0.5204847464132543",
    "type": "buy",
    "market": "KRW-BTC",
    "price": 154912000,
    "amount": 0.00032276389175790125,
    "timestamp": "2025-11-06T01:06:30.112Z",
    "source": "2025-11-05T08:25:30.489Z0.463710673961543"
  },
  {
    "id": "2025-11-06T01:06:29.710Z0.8752635644776231",
    "type": "buy",
    "market": "KRW-BTC",
    "price": 154912000,
    "amount": 0.00032276389175790125,
    "timestamp": "2025-11-06T01:06:29.710Z",
    "source": "2025-11-05T08:25:30.489Z0.463710673961543"
  },
  {
    "id": "2025-11-06T01:06:29.667Z0.8425943557701793",
    "type": "buy",
    "market": "KRW-BTC",
    "price": 154912000,
    "amount": 0.00032276389175790125,
    "timestamp": "2025-11-06T01:06:29.668Z",
    "source": "2025-11-05T08:25:30.489Z0.463710673961543"
  },
  {
    "id": "2025-11-06T01:05:29.471Z0.8261495779605431",
    "type": "buy",
    "market": "KRW-BTC",
    "price": 154911000,
    "amount": 0.0003227659753019476,
    "timestamp": "2025-11-06T01:05:29.471Z",
    "source": "2025-11-05T08:25:30.489Z0.463710673961543"
  },
  {
    "id": "2025-11-06T01:05:29.417Z0.7661609216310116",
    "type": "buy",
    "market": "KRW-BTC",
    "price": 154911000,
    "amount": 0.0003227659753019476,
    "timestamp": "2025-11-06T01:05:29.417Z",
    "source": "2025-11-05T08:25:30.489Z0.463710673961543"
  },
  {
    "id": "2025-11-06T01:05:29.349Z0.54986444899905",
    "type": "buy",
    "market": "KRW-BTC",
    "price": 154911000,
    "amount": 0.0003227659753019476,
    "timestamp": "2025-11-06T01:05:29.349Z",
    "source": "2025-11-05T08:25:30.489Z0.463710673961543"
  },
  {
    "id": "2025-11-06T01:04:30.604Z0.6121415506112752",
    "type": "buy",
    "market": "KRW-BTC",
    "price": 154916000,
    "amount": 0.0003227555578507062,
    "timestamp": "2025-11-06T01:04:30.604Z",
    "source": "2025-11-05T08:25:30.489Z0.463710673961543"
  },
  {
    "id": "2025-11-06T01:04:30.553Z0.25246090767872875",
    "type": "buy",
    "market": "KRW-BTC",
    "price": 154916000,
    "amount": 0.0003227555578507062,
    "timestamp": "2025-11-06T01:04:30.553Z",
    "source": "2025-11-05T08:25:30.489Z0.463710673961543"
  },
  {
    "id": "2025-11-06T01:04:30.504Z0.883383306524351",
    "type": "buy",
    "market": "KRW-BTC",
    "price": 154916000,
    "amount": 0.0003227555578507062,
    "timestamp": "2025-11-06T01:04:30.504Z",
    "source": "2025-11-05T08:25:30.489Z0.463710673961543"
  },
  {
    "id": "2025-11-06T01:04:30.448Z0.5193812401202698",
    "type": "buy",
    "market": "KRW-BTC",
    "price": 154911000,
    "amount": 0.0003227659753019476,
    "timestamp": "2025-11-06T01:04:30.448Z",
    "source": "2025-11-05T08:25:30.489Z0.463710673961543"
  },
  {
    "id": "2025-11-06T01:03:40.394Z0.13864601753860273",
    "type": "buy",
    "market": "KRW-BTC",
    "price": 154912000,
    "amount": 0.00032276389175790125,
    "timestamp": "2025-11-06T01:03:40.394Z",
    "source": "2025-11-05T08:25:30.489Z0.463710673961543"
  },
  {
    "id": "2025-11-06T01:03:40.339Z0.030091124066892072",
    "type": "buy",
    "market": "KRW-BTC",
    "price": 154912000,
    "amount": 0.00032276389175790125,
    "timestamp": "2025-11-06T01:03:40.339Z",
    "source": "2025-11-05T08:25:30.489Z0.463710673961543"
  },
  {
    "id": "2025-11-06T01:03:29.411Z0.36778174274465614",
    "type": "buy",
    "market": "KRW-BTC",
    "price": 154918000,
    "amount": 0.00032275139105849545,
    "timestamp": "2025-11-06T01:03:29.411Z",
    "source": "2025-11-05T08:25:30.489Z0.463710673961543"
  },
  {
    "id": "2025-11-06T01:03:29.365Z0.5330819515399081",
    "type": "buy",
    "market": "KRW-BTC",
    "price": 154918000,
    "amount": 0.00032275139105849545,
    "timestamp": "2025-11-06T01:03:29.365Z",
    "source": "2025-11-05T08:25:30.489Z0.463710673961543"
  },
  {
    "id": "2025-11-06T01:03:10.386Z0.20038000815491275",
    "type": "buy",
    "market": "KRW-BTC",
    "price": 154911000,
    "amount": 0.0003227659753019476,
    "timestamp": "2025-11-06T01:03:10.386Z",
    "source": "2025-11-05T08:25:30.489Z0.463710673961543"
  },
  {
    "id": "2025-11-06T01:03:10.338Z0.5629036846658598",
    "type": "buy",
    "market": "KRW-BTC",
    "price": 154911000,
    "amount": 0.0003227659753019476,
    "timestamp": "2025-11-06T01:03:10.338Z",
    "source": "2025-11-05T08:25:30.489Z0.463710673961543"
  },
  {
    "id": "2025-11-06T01:02:47.788Z0.9597212356150064",
    "type": "buy",
    "market": "KRW-BTC",
    "price": 154986000,
    "amount": 0.00032260978410953247,
    "timestamp": "2025-11-06T01:02:47.788Z",
    "source": "2025-11-05T08:25:30.489Z0.463710673961543"
  },
  {
    "id": "2025-11-06T01:02:47.722Z0.2483264987046756",
    "type": "buy",
    "market": "KRW-BTC",
    "price": 154986000,
    "amount": 0.00032260978410953247,
    "timestamp": "2025-11-06T01:02:47.722Z",
    "source": "2025-11-05T08:25:30.489Z0.463710673961543"
  },
  {
    "id": "2025-11-06T01:02:29.467Z0.9618741324628526",
    "type": "buy",
    "market": "KRW-BTC",
    "price": 155000000,
    "amount": 0.0003225806451612903,
    "timestamp": "2025-11-06T01:02:29.467Z",
    "source": "2025-11-05T08:25:30.489Z0.463710673961543"
  },
  {
    "id": "2025-11-06T01:02:29.426Z0.034378201796380514",
    "type": "buy",
    "market": "KRW-BTC",
    "price": 155005000,
    "amount": 0.00032257023966968806,
    "timestamp": "2025-11-06T01:02:29.426Z",
    "source": "2025-11-05T08:25:30.489Z0.463710673961543"
  },
  {
    "id": "2025-11-06T01:02:29.350Z0.4335044432516528",
    "type": "buy",
    "market": "KRW-BTC",
    "price": 155005000,
    "amount": 0.00032257023966968806,
    "timestamp": "2025-11-06T01:02:29.350Z",
    "source": "2025-11-05T08:25:30.489Z0.463710673961543"
  },
  {
    "id": "2025-11-06T01:01:29.500Z0.020703797904759402",
    "type": "buy",
    "market": "KRW-BTC",
    "price": 155008000,
    "amount": 0.0003225639966969447,
    "timestamp": "2025-11-06T01:01:29.500Z",
    "source": "2025-11-05T08:25:30.489Z0.463710673961543"
  },
  {
    "id": "2025-11-06T01:01:29.446Z0.5708439495236971",
    "type": "buy",
    "market": "KRW-BTC",
    "price": 155008000,
    "amount": 0.0003225639966969447,
    "timestamp": "2025-11-06T01:01:29.446Z",
    "source": "2025-11-05T08:25:30.489Z0.463710673961543"
  },
  {
    "id": "2025-11-06T01:01:29.389Z0.31136207825343176",
    "type": "buy",
    "market": "KRW-BTC",
    "price": 155008000,
    "amount": 0.0003225639966969447,
    "timestamp": "2025-11-06T01:01:29.389Z",
    "source": "2025-11-05T08:25:30.489Z0.463710673961543"
  },
  {
    "id": "2025-11-06T01:01:29.354Z0.17162019812711315",
    "type": "buy",
    "market": "KRW-BTC",
    "price": 155008000,
    "amount": 0.0003225639966969447,
    "timestamp": "2025-11-06T01:01:29.354Z",
    "source": "2025-11-05T08:25:30.489Z0.463710673961543"
  },
  {
    "id": "2025-11-06T01:00:29.408Z0.2560124346760444",
    "type": "buy",
    "market": "KRW-BTC",
    "price": 155103000,
    "amount": 0.0003223664274707775,
    "timestamp": "2025-11-06T01:00:29.408Z",
    "source": "2025-11-05T08:25:30.489Z0.463710673961543"
  },
  {
    "id": "2025-11-06T01:00:29.340Z0.3968416577716116",
    "type": "buy",
    "market": "KRW-BTC",
    "price": 155103000,
    "amount": 0.0003223664274707775,
    "timestamp": "2025-11-06T01:00:29.340Z",
    "source": "2025-11-05T08:25:30.489Z0.463710673961543"
  },
  {
    "id": "2025-11-06T01:00:28.406Z0.651926954735891",
    "type": "buy",
    "market": "KRW-BTC",
    "price": 155103000,
    "amount": 0.0003223664274707775,
    "timestamp": "2025-11-06T01:00:28.406Z",
    "source": "2025-11-05T08:25:30.489Z0.463710673961543"
  },
  {
    "id": "2025-11-06T01:00:28.362Z0.11009613206136792",
    "type": "buy",
    "market": "KRW-BTC",
    "price": 155103000,
    "amount": 0.0003223664274707775,
    "timestamp": "2025-11-06T01:00:28.362Z",
    "source": "2025-11-05T08:25:30.489Z0.463710673961543"
  },
  {
    "id": "2025-11-06T00:59:29.380Z0.8173209080647071",
    "type": "buy",
    "market": "KRW-BTC",
    "price": 154808000,
    "amount": 0.0003229807245103612,
    "timestamp": "2025-11-06T00:59:29.380Z",
    "source": "2025-11-05T08:25:30.489Z0.463710673961543"
  },
  {
    "id": "2025-11-06T00:59:29.360Z0.06334979131006568",
    "type": "buy",
    "market": "KRW-BTC",
    "price": 154808000,
    "amount": 0.0003229807245103612,
    "timestamp": "2025-11-06T00:59:29.360Z",
    "source": "2025-11-05T08:25:30.489Z0.463710673961543"
  },
  {
    "id": "2025-11-06T00:59:29.333Z0.6807290068396461",
    "type": "buy",
    "market": "KRW-BTC",
    "price": 154808000,
    "amount": 0.0003229807245103612,
    "timestamp": "2025-11-06T00:59:29.333Z",
    "source": "2025-11-05T08:25:30.489Z0.463710673961543"
  },
  {
    "id": "2025-11-06T00:59:29.314Z0.278679455778429",
    "type": "buy",
    "market": "KRW-BTC",
    "price": 154808000,
    "amount": 0.0003229807245103612,
    "timestamp": "2025-11-06T00:59:29.314Z",
    "source": "2025-11-05T08:25:30.489Z0.463710673961543"
  },
  {
    "id": "2025-11-06T00:58:29.378Z0.7900891307051654",
    "type": "buy",
    "market": "KRW-BTC",
    "price": 154808000,
    "amount": 0.0003229807245103612,
    "timestamp": "2025-11-06T00:58:29.378Z",
    "source": "2025-11-05T08:25:30.489Z0.463710673961543"
  },
  {
    "id": "2025-11-06T00:58:29.357Z0.7795594279547631",
    "type": "buy",
    "market": "KRW-BTC",
    "price": 154808000,
    "amount": 0.0003229807245103612,
    "timestamp": "2025-11-06T00:58:29.357Z",
    "source": "2025-11-05T08:25:30.489Z0.463710673961543"
  },
  {
    "id": "2025-11-06T00:58:29.334Z0.6833414589774317",
    "type": "buy",
    "market": "KRW-BTC",
    "price": 154808000,
    "amount": 0.0003229807245103612,
    "timestamp": "2025-11-06T00:58:29.334Z",
    "source": "2025-11-05T08:25:30.489Z0.463710673961543"
  },
  {
    "id": "2025-11-06T00:58:29.319Z0.21325021869926208",
    "type": "buy",
    "market": "KRW-BTC",
    "price": 154808000,
    "amount": 0.0003229807245103612,
    "timestamp": "2025-11-06T00:58:29.319Z",
    "source": "2025-11-05T08:25:30.489Z0.463710673961543"
  },
  {
    "id": "2025-11-06T00:57:29.381Z0.5201974146461608",
    "type": "buy",
    "market": "KRW-BTC",
    "price": 154808000,
    "amount": 0.0003229807245103612,
    "timestamp": "2025-11-06T00:57:29.381Z",
    "source": "2025-11-05T08:25:30.489Z0.463710673961543"
  },
  {
    "id": "2025-11-06T00:57:29.351Z0.3907887582015408",
    "type": "buy",
    "market": "KRW-BTC",
    "price": 154808000,
    "amount": 0.0003229807245103612,
    "timestamp": "2025-11-06T00:57:29.351Z",
    "source": "2025-11-05T08:25:30.489Z0.463710673961543"
  },
  {
    "id": "2025-11-06T00:57:29.331Z0.42093318376895106",
    "type": "buy",
    "market": "KRW-BTC",
    "price": 154808000,
    "amount": 0.0003229807245103612,
    "timestamp": "2025-11-06T00:57:29.331Z",
    "source": "2025-11-05T08:25:30.489Z0.463710673961543"
  },
  {
    "id": "2025-11-06T00:57:29.314Z0.8053409879105236",
    "type": "buy",
    "market": "KRW-BTC",
    "price": 154808000,
    "amount": 0.0003229807245103612,
    "timestamp": "2025-11-06T00:57:29.314Z",
    "source": "2025-11-05T08:25:30.489Z0.463710673961543"
  },
  {
    "id": "2025-11-06T00:56:29.373Z0.7335174052792395",
    "type": "buy",
    "market": "KRW-BTC",
    "price": 154808000,
    "amount": 0.0003229807245103612,
    "timestamp": "2025-11-06T00:56:29.374Z",
    "source": "2025-11-05T08:25:30.489Z0.463710673961543"
  },
  {
    "id": "2025-11-06T00:56:29.354Z0.47921910473831064",
    "type": "buy",
    "market": "KRW-BTC",
    "price": 154808000,
    "amount": 0.0003229807245103612,
    "timestamp": "2025-11-06T00:56:29.354Z",
    "source": "2025-11-05T08:25:30.489Z0.463710673961543"
  },
  {
    "id": "2025-11-06T00:56:29.329Z0.4301585088243174",
    "type": "buy",
    "market": "KRW-BTC",
    "price": 154808000,
    "amount": 0.0003229807245103612,
    "timestamp": "2025-11-06T00:56:29.329Z",
    "source": "2025-11-05T08:25:30.489Z0.463710673961543"
  },
  {
    "id": "2025-11-06T00:56:29.312Z0.660382848172362",
    "type": "buy",
    "market": "KRW-BTC",
    "price": 154808000,
    "amount": 0.0003229807245103612,
    "timestamp": "2025-11-06T00:56:29.312Z",
    "source": "2025-11-05T08:25:30.489Z0.463710673961543"
  },
  {
    "id": "2025-11-06T00:55:29.384Z0.9202498407296316",
    "type": "buy",
    "market": "KRW-BTC",
    "price": 154808000,
    "amount": 0.0003229807245103612,
    "timestamp": "2025-11-06T00:55:29.384Z",
    "source": "2025-11-05T08:25:30.489Z0.463710673961543"
  },
  {
    "id": "2025-11-06T00:55:29.361Z0.13886953839702332",
    "type": "buy",
    "market": "KRW-BTC",
    "price": 154808000,
    "amount": 0.0003229807245103612,
    "timestamp": "2025-11-06T00:55:29.361Z",
    "source": "2025-11-05T08:25:30.489Z0.463710673961543"
  },
  {
    "id": "2025-11-06T00:55:29.330Z0.5830872363162565",
    "type": "buy",
    "market": "KRW-BTC",
    "price": 154808000,
    "amount": 0.0003229807245103612,
    "timestamp": "2025-11-06T00:55:29.330Z",
    "source": "2025-11-05T08:25:30.489Z0.463710673961543"
  },
  {
    "id": "2025-11-06T00:55:29.312Z0.3366336490544253",
    "type": "buy",
    "market": "KRW-BTC",
    "price": 154808000,
    "amount": 0.0003229807245103612,
    "timestamp": "2025-11-06T00:55:29.312Z",
    "source": "2025-11-05T08:25:30.489Z0.463710673961543"
  },
  {
    "id": "2025-11-06T00:54:29.378Z0.4190788985715598",
    "type": "buy",
    "market": "KRW-BTC",
    "price": 154808000,
    "amount": 0.0003229807245103612,
    "timestamp": "2025-11-06T00:54:29.378Z",
    "source": "2025-11-05T08:25:30.489Z0.463710673961543"
  },
  {
    "id": "2025-11-06T00:54:29.358Z0.3275560905484537",
    "type": "buy",
    "market": "KRW-BTC",
    "price": 154808000,
    "amount": 0.0003229807245103612,
    "timestamp": "2025-11-06T00:54:29.358Z",
    "source": "2025-11-05T08:25:30.489Z0.463710673961543"
  },
  {
    "id": "2025-11-06T00:54:29.334Z0.5227533478642561",
    "type": "buy",
    "market": "KRW-BTC",
    "price": 154808000,
    "amount": 0.0003229807245103612,
    "timestamp": "2025-11-06T00:54:29.334Z",
    "source": "2025-11-05T08:25:30.489Z0.463710673961543"
  },
  {
    "id": "2025-11-06T00:54:29.315Z0.5303853962005057",
    "type": "buy",
    "market": "KRW-BTC",
    "price": 154808000,
    "amount": 0.0003229807245103612,
    "timestamp": "2025-11-06T00:54:29.315Z",
    "source": "2025-11-05T08:25:30.489Z0.463710673961543"
  },
  {
    "id": "2025-11-06T00:53:29.378Z0.4389184254407803",
    "type": "buy",
    "market": "KRW-BTC",
    "price": 154808000,
    "amount": 0.0003229807245103612,
    "timestamp": "2025-11-06T00:53:29.378Z",
    "source": "2025-11-05T08:25:30.489Z0.463710673961543"
  },
  {
    "id": "2025-11-06T00:53:29.357Z0.4667500864815711",
    "type": "buy",
    "market": "KRW-BTC",
    "price": 154808000,
    "amount": 0.0003229807245103612,
    "timestamp": "2025-11-06T00:53:29.357Z",
    "source": "2025-11-05T08:25:30.489Z0.463710673961543"
  },
  {
    "id": "2025-11-06T00:53:29.333Z0.8550025570976025",
    "type": "buy",
    "market": "KRW-BTC",
    "price": 154808000,
    "amount": 0.0003229807245103612,
    "timestamp": "2025-11-06T00:53:29.333Z",
    "source": "2025-11-05T08:25:30.489Z0.463710673961543"
  },
  {
    "id": "2025-11-06T00:53:29.314Z0.09701892055275796",
    "type": "buy",
    "market": "KRW-BTC",
    "price": 154808000,
    "amount": 0.0003229807245103612,
    "timestamp": "2025-11-06T00:53:29.314Z",
    "source": "2025-11-05T08:25:30.489Z0.463710673961543"
  },
  {
    "id": "2025-11-06T00:52:29.385Z0.21797679113921598",
    "type": "buy",
    "market": "KRW-BTC",
    "price": 154808000,
    "amount": 0.0003229807245103612,
    "timestamp": "2025-11-06T00:52:29.385Z",
    "source": "2025-11-05T08:25:30.489Z0.463710673961543"
  },
  {
    "id": "2025-11-06T00:52:29.360Z0.9287313590501184",
    "type": "buy",
    "market": "KRW-BTC",
    "price": 154808000,
    "amount": 0.0003229807245103612,
    "timestamp": "2025-11-06T00:52:29.360Z",
    "source": "2025-11-05T08:25:30.489Z0.463710673961543"
  },
  {
    "id": "2025-11-06T00:52:29.334Z0.2674597123523237",
    "type": "buy",
    "market": "KRW-BTC",
    "price": 154808000,
    "amount": 0.0003229807245103612,
    "timestamp": "2025-11-06T00:52:29.334Z",
    "source": "2025-11-05T08:25:30.489Z0.463710673961543"
  },
  {
    "id": "2025-11-06T00:52:29.313Z0.6540819969868823",
    "type": "buy",
    "market": "KRW-BTC",
    "price": 154808000,
    "amount": 0.0003229807245103612,
    "timestamp": "2025-11-06T00:52:29.313Z",
    "source": "2025-11-05T08:25:30.489Z0.463710673961543"
  },
  {
    "id": "2025-11-06T00:51:40.334Z0.9034555979350806",
    "type": "buy",
    "market": "KRW-BTC",
    "price": 154808000,
    "amount": 0.0003229807245103612,
    "timestamp": "2025-11-06T00:51:40.334Z",
    "source": "2025-11-05T08:25:30.489Z0.463710673961543"
  },
  {
    "id": "2025-11-06T00:51:40.316Z0.054536164862542424",
    "type": "buy",
    "market": "KRW-BTC",
    "price": 154808000,
    "amount": 0.0003229807245103612,
    "timestamp": "2025-11-06T00:51:40.316Z",
    "source": "2025-11-05T08:25:30.489Z0.463710673961543"
  },
  {
    "id": "2025-11-06T00:51:29.327Z0.2895756315046448",
    "type": "buy",
    "market": "KRW-BTC",
    "price": 154808000,
    "amount": 0.0003229807245103612,
    "timestamp": "2025-11-06T00:51:29.327Z",
    "source": "2025-11-05T08:25:30.489Z0.463710673961543"
  },
  {
    "id": "2025-11-06T00:51:29.311Z0.5846428143840858",
    "type": "buy",
    "market": "KRW-BTC",
    "price": 154808000,
    "amount": 0.0003229807245103612,
    "timestamp": "2025-11-06T00:51:29.311Z",
    "source": "2025-11-05T08:25:30.489Z0.463710673961543"
  },
  {
    "id": "2025-11-06T00:51:10.328Z0.19526189446346132",
    "type": "buy",
    "market": "KRW-BTC",
    "price": 154808000,
    "amount": 0.0003229807245103612,
    "timestamp": "2025-11-06T00:51:10.328Z",
    "source": "2025-11-05T08:25:30.489Z0.463710673961543"
  },
  {
    "id": "2025-11-06T00:51:10.313Z0.7433878467491318",
    "type": "buy",
    "market": "KRW-BTC",
    "price": 154808000,
    "amount": 0.0003229807245103612,
    "timestamp": "2025-11-06T00:51:10.313Z",
    "source": "2025-11-05T08:25:30.489Z0.463710673961543"
  },
  {
    "id": "2025-11-06T00:50:40.326Z0.9482755827972844",
    "type": "buy",
    "market": "KRW-BTC",
    "price": 154808000,
    "amount": 0.0003229807245103612,
    "timestamp": "2025-11-06T00:50:40.326Z",
    "source": "2025-11-05T08:25:30.489Z0.463710673961543"
  },
  {
    "id": "2025-11-06T00:50:40.311Z0.4434947914007319",
    "type": "buy",
    "market": "KRW-BTC",
    "price": 154808000,
    "amount": 0.0003229807245103612,
    "timestamp": "2025-11-06T00:50:40.311Z",
    "source": "2025-11-05T08:25:30.489Z0.463710673961543"
  },
  {
    "id": "2025-11-06T00:50:29.330Z0.664206411351147",
    "type": "buy",
    "market": "KRW-BTC",
    "price": 154808000,
    "amount": 0.0003229807245103612,
    "timestamp": "2025-11-06T00:50:29.330Z",
    "source": "2025-11-05T08:25:30.489Z0.463710673961543"
  },
  {
    "id": "2025-11-06T00:50:29.313Z0.36104284447542145",
    "type": "buy",
    "market": "KRW-BTC",
    "price": 154808000,
    "amount": 0.0003229807245103612,
    "timestamp": "2025-11-06T00:50:29.313Z",
    "source": "2025-11-05T08:25:30.489Z0.463710673961543"
  },
  {
    "id": "2025-11-06T00:50:10.341Z0.6272021266984895",
    "type": "buy",
    "market": "KRW-BTC",
    "price": 154808000,
    "amount": 0.0003229807245103612,
    "timestamp": "2025-11-06T00:50:10.341Z",
    "source": "2025-11-05T08:25:30.489Z0.463710673961543"
  },
  {
    "id": "2025-11-06T00:50:10.321Z0.14687096579115644",
    "type": "buy",
    "market": "KRW-BTC",
    "price": 154808000,
    "amount": 0.0003229807245103612,
    "timestamp": "2025-11-06T00:50:10.321Z",
    "source": "2025-11-05T08:25:30.489Z0.463710673961543"
  },
  {
    "id": "2025-11-06T00:49:39.901Z0.25821483460095085",
    "type": "buy",
    "market": "KRW-BTC",
    "price": 154808000,
    "amount": 0.0003229807245103612,
    "timestamp": "2025-11-06T00:49:39.901Z",
    "source": "2025-11-05T08:25:30.489Z0.463710673961543"
  },
  {
    "id": "2025-11-06T00:49:39.882Z0.573797889563275",
    "type": "buy",
    "market": "KRW-BTC",
    "price": 154808000,
    "amount": 0.0003229807245103612,
    "timestamp": "2025-11-06T00:49:39.882Z",
    "source": "2025-11-05T08:25:30.489Z0.463710673961543"
  },
  {
    "id": "2025-11-06T00:49:29.343Z0.7544188103295159",
    "type": "buy",
    "market": "KRW-BTC",
    "price": 154808000,
    "amount": 0.0003229807245103612,
    "timestamp": "2025-11-06T00:49:29.343Z",
    "source": "2025-11-05T08:25:30.489Z0.463710673961543"
  },
  {
    "id": "2025-11-06T00:49:29.324Z0.4763413009569627",
    "type": "buy",
    "market": "KRW-BTC",
    "price": 154808000,
    "amount": 0.0003229807245103612,
    "timestamp": "2025-11-06T00:49:29.324Z",
    "source": "2025-11-05T08:25:30.489Z0.463710673961543"
  },
  {
    "id": "2025-11-06T00:49:09.907Z0.8358220389997668",
    "type": "buy",
    "market": "KRW-BTC",
    "price": 154808000,
    "amount": 0.0003229807245103612,
    "timestamp": "2025-11-06T00:49:09.907Z",
    "source": "2025-11-05T08:25:30.489Z0.463710673961543"
  },
  {
    "id": "2025-11-06T00:49:09.893Z0.6145258744230419",
    "type": "buy",
    "market": "KRW-BTC",
    "price": 154808000,
    "amount": 0.0003229807245103612,
    "timestamp": "2025-11-06T00:49:09.893Z",
    "source": "2025-11-05T08:25:30.489Z0.463710673961543"
  },
  {
    "id": "2025-11-06T00:48:34.965Z0.07124691809396555",
    "type": "buy",
    "market": "KRW-BTC",
    "price": 154808000,
    "amount": 0.0003229807245103612,
    "timestamp": "2025-11-06T00:48:34.965Z",
    "source": "2025-11-05T08:25:30.489Z0.463710673961543"
  },
  {
    "id": "2025-11-06T00:31:47.892Z0.09913122453890255",
    "type": "buy",
    "market": "KRW-BTC",
    "price": 154795000,
    "amount": 0.0003230078490907329,
    "timestamp": "2025-11-06T00:31:47.892Z",
    "source": "2025-11-05T08:25:30.489Z0.463710673961543"
  },
  {
    "id": "2025-11-06T00:31:47.865Z0.48752437270134996",
    "type": "buy",
    "market": "KRW-BTC",
    "price": 154795000,
    "amount": 0.0003230078490907329,
    "timestamp": "2025-11-06T00:31:47.865Z",
    "source": "2025-11-05T08:25:30.489Z0.463710673961543"
  },
  {
    "id": "2025-11-06T00:31:17.912Z0.6175940046006172",
    "type": "buy",
    "market": "KRW-BTC",
    "price": 154791000,
    "amount": 0.000323016196032069,
    "timestamp": "2025-11-06T00:31:17.912Z",
    "source": "2025-11-05T08:25:30.489Z0.463710673961543"
  },
  {
    "id": "2025-11-06T00:31:17.886Z0.22149992411807662",
    "type": "buy",
    "market": "KRW-BTC",
    "price": 154791000,
    "amount": 0.000323016196032069,
    "timestamp": "2025-11-06T00:31:17.886Z",
    "source": "2025-11-05T08:25:30.489Z0.463710673961543"
  },
  {
    "id": "2025-11-06T00:30:47.910Z0.6536462414893667",
    "type": "buy",
    "market": "KRW-BTC",
    "price": 154793000,
    "amount": 0.0003230120225074777,
    "timestamp": "2025-11-06T00:30:47.910Z",
    "source": "2025-11-05T08:25:30.489Z0.463710673961543"
  },
  {
    "id": "2025-11-06T00:30:47.878Z0.5896428298526734",
    "type": "buy",
    "market": "KRW-BTC",
    "price": 154793000,
    "amount": 0.0003230120225074777,
    "timestamp": "2025-11-06T00:30:47.879Z",
    "source": "2025-11-05T08:25:30.489Z0.463710673961543"
  },
  {
    "id": "2025-11-06T00:30:17.910Z0.15055850234292734",
    "type": "buy",
    "market": "KRW-BTC",
    "price": 154793000,
    "amount": 0.0003230120225074777,
    "timestamp": "2025-11-06T00:30:17.910Z",
    "source": "2025-11-05T08:25:30.489Z0.463710673961543"
  },
  {
    "id": "2025-11-06T00:30:17.876Z0.24702787674161697",
    "type": "buy",
    "market": "KRW-BTC",
    "price": 154793000,
    "amount": 0.0003230120225074777,
    "timestamp": "2025-11-06T00:30:17.876Z",
    "source": "2025-11-05T08:25:30.489Z0.463710673961543"
  },
  {
    "id": "2025-11-06T00:29:47.909Z0.830238227934132",
    "type": "buy",
    "market": "KRW-BTC",
    "price": 154798000,
    "amount": 0.0003230015891678187,
    "timestamp": "2025-11-06T00:29:47.909Z",
    "source": "2025-11-05T08:25:30.489Z0.463710673961543"
  },
  {
    "id": "2025-11-06T00:29:47.875Z0.1263888234528272",
    "type": "buy",
    "market": "KRW-BTC",
    "price": 154798000,
    "amount": 0.0003230015891678187,
    "timestamp": "2025-11-06T00:29:47.875Z",
    "source": "2025-11-05T08:25:30.489Z0.463710673961543"
  },
  {
    "id": "2025-11-06T00:29:17.913Z0.9951139633860322",
    "type": "buy",
    "market": "KRW-BTC",
    "price": 154797000,
    "amount": 0.0003230036757818304,
    "timestamp": "2025-11-06T00:29:17.913Z",
    "source": "2025-11-05T08:25:30.489Z0.463710673961543"
  },
  {
    "id": "2025-11-06T00:29:17.881Z0.5830592730460028",
    "type": "buy",
    "market": "KRW-BTC",
    "price": 154797000,
    "amount": 0.0003230036757818304,
    "timestamp": "2025-11-06T00:29:17.881Z",
    "source": "2025-11-05T08:25:30.489Z0.463710673961543"
  },
  {
    "id": "2025-11-06T00:28:47.921Z0.6239019589444452",
    "type": "buy",
    "market": "KRW-BTC",
    "price": 154800000,
    "amount": 0.00032299741602067185,
    "timestamp": "2025-11-06T00:28:47.921Z",
    "source": "2025-11-05T08:25:30.489Z0.463710673961543"
  },
  {
    "id": "2025-11-06T00:28:47.878Z0.6419231122375244",
    "type": "buy",
    "market": "KRW-BTC",
    "price": 154800000,
    "amount": 0.00032299741602067185,
    "timestamp": "2025-11-06T00:28:47.878Z",
    "source": "2025-11-05T08:25:30.489Z0.463710673961543"
  },
  {
    "id": "2025-11-06T00:28:17.904Z0.8013457048954191",
    "type": "buy",
    "market": "KRW-BTC",
    "price": 154809000,
    "amount": 0.00032297863819286994,
    "timestamp": "2025-11-06T00:28:17.904Z",
    "source": "2025-11-05T08:25:30.489Z0.463710673961543"
  },
  {
    "id": "2025-11-06T00:28:17.877Z0.202090782019396",
    "type": "buy",
    "market": "KRW-BTC",
    "price": 154809000,
    "amount": 0.00032297863819286994,
    "timestamp": "2025-11-06T00:28:17.877Z",
    "source": "2025-11-05T08:25:30.489Z0.463710673961543"
  },
  {
    "id": "2025-11-06T00:27:47.920Z0.012461791036526448",
    "type": "buy",
    "market": "KRW-BTC",
    "price": 154819000,
    "amount": 0.00032295777650030033,
    "timestamp": "2025-11-06T00:27:47.920Z",
    "source": "2025-11-05T08:25:30.489Z0.463710673961543"
  },
  {
    "id": "2025-11-06T00:27:47.882Z0.4111467756349524",
    "type": "buy",
    "market": "KRW-BTC",
    "price": 154819000,
    "amount": 0.00032295777650030033,
    "timestamp": "2025-11-06T00:27:47.882Z",
    "source": "2025-11-05T08:25:30.489Z0.463710673961543"
  },
  {
    "id": "2025-11-06T00:27:17.909Z0.4923340366720754",
    "type": "buy",
    "market": "KRW-BTC",
    "price": 154800000,
    "amount": 0.00032299741602067185,
    "timestamp": "2025-11-06T00:27:17.909Z",
    "source": "2025-11-05T08:25:30.489Z0.463710673961543"
  },
  {
    "id": "2025-11-06T00:27:17.879Z0.2141691777126763",
    "type": "buy",
    "market": "KRW-BTC",
    "price": 154800000,
    "amount": 0.00032299741602067185,
    "timestamp": "2025-11-06T00:27:17.879Z",
    "source": "2025-11-05T08:25:30.489Z0.463710673961543"
  },
  {
    "id": "2025-11-06T00:26:47.913Z0.4599777855316748",
    "type": "buy",
    "market": "KRW-BTC",
    "price": 154863000,
    "amount": 0.00032286601706024037,
    "timestamp": "2025-11-06T00:26:47.913Z",
    "source": "2025-11-05T08:25:30.489Z0.463710673961543"
  },
  {
    "id": "2025-11-06T00:26:47.879Z0.016018816088091303",
    "type": "buy",
    "market": "KRW-BTC",
    "price": 154863000,
    "amount": 0.00032286601706024037,
    "timestamp": "2025-11-06T00:26:47.879Z",
    "source": "2025-11-05T08:25:30.489Z0.463710673961543"
  },
  {
    "id": "2025-11-06T00:26:17.915Z0.1446471588135464",
    "type": "buy",
    "market": "KRW-BTC",
    "price": 154886000,
    "amount": 0.0003228180726469791,
    "timestamp": "2025-11-06T00:26:17.915Z",
    "source": "2025-11-05T08:25:30.489Z0.463710673961543"
  },
  {
    "id": "2025-11-06T00:26:17.884Z0.6894852324738128",
    "type": "buy",
    "market": "KRW-BTC",
    "price": 154886000,
    "amount": 0.0003228180726469791,
    "timestamp": "2025-11-06T00:26:17.884Z",
    "source": "2025-11-05T08:25:30.489Z0.463710673961543"
  },
  {
    "id": "2025-11-06T00:25:47.909Z0.7726683766484221",
    "type": "buy",
    "market": "KRW-BTC",
    "price": 154882000,
    "amount": 0.0003228264097829315,
    "timestamp": "2025-11-06T00:25:47.909Z",
    "source": "2025-11-05T08:25:30.489Z0.463710673961543"
  },
  {
    "id": "2025-11-06T00:25:47.884Z0.1368649245565916",
    "type": "buy",
    "market": "KRW-BTC",
    "price": 154882000,
    "amount": 0.0003228264097829315,
    "timestamp": "2025-11-06T00:25:47.884Z",
    "source": "2025-11-05T08:25:30.489Z0.463710673961543"
  },
  {
    "id": "2025-11-06T00:25:17.910Z0.7770024165470869",
    "type": "buy",
    "market": "KRW-BTC",
    "price": 154882000,
    "amount": 0.0003228264097829315,
    "timestamp": "2025-11-06T00:25:17.910Z",
    "source": "2025-11-05T08:25:30.489Z0.463710673961543"
  },
  {
    "id": "2025-11-06T00:25:17.881Z0.8382631003505214",
    "type": "buy",
    "market": "KRW-BTC",
    "price": 154882000,
    "amount": 0.0003228264097829315,
    "timestamp": "2025-11-06T00:25:17.881Z",
    "source": "2025-11-05T08:25:30.489Z0.463710673961543"
  },
  {
    "id": "2025-11-06T00:24:47.891Z0.7482331786236398",
    "type": "buy",
    "market": "KRW-BTC",
    "price": 154884000,
    "amount": 0.00032282224116112705,
    "timestamp": "2025-11-06T00:24:47.891Z",
    "source": "2025-11-05T08:25:30.489Z0.463710673961543"
  },
  {
    "id": "2025-11-06T00:24:47.861Z0.897171685724849",
    "type": "buy",
    "market": "KRW-BTC",
    "price": 154884000,
    "amount": 0.00032282224116112705,
    "timestamp": "2025-11-06T00:24:47.861Z",
    "source": "2025-11-05T08:25:30.489Z0.463710673961543"
  },
  {
    "id": "2025-11-06T00:24:17.911Z0.5385316676979253",
    "type": "buy",
    "market": "KRW-BTC",
    "price": 154950000,
    "amount": 0.00032268473701193933,
    "timestamp": "2025-11-06T00:24:17.911Z",
    "source": "2025-11-05T08:25:30.489Z0.463710673961543"
  },
  {
    "id": "2025-11-06T00:24:17.880Z0.9725787292159536",
    "type": "buy",
    "market": "KRW-BTC",
    "price": 154950000,
    "amount": 0.00032268473701193933,
    "timestamp": "2025-11-06T00:24:17.880Z",
    "source": "2025-11-05T08:25:30.489Z0.463710673961543"
  },
  {
    "id": "2025-11-06T00:23:47.916Z0.49768272805735525",
    "type": "buy",
    "market": "KRW-BTC",
    "price": 154987000,
    "amount": 0.00032260770258150684,
    "timestamp": "2025-11-06T00:23:47.916Z",
    "source": "2025-11-05T08:25:30.489Z0.463710673961543"
  },
  {
    "id": "2025-11-06T00:23:47.880Z0.1989847949358693",
    "type": "buy",
    "market": "KRW-BTC",
    "price": 154987000,
    "amount": 0.00032260770258150684,
    "timestamp": "2025-11-06T00:23:47.880Z",
    "source": "2025-11-05T08:25:30.489Z0.463710673961543"
  },
  {
    "id": "2025-11-06T00:23:17.896Z0.11715246052860118",
    "type": "buy",
    "market": "KRW-BTC",
    "price": 154998000,
    "amount": 0.00032258480754590385,
    "timestamp": "2025-11-06T00:23:17.896Z",
    "source": "2025-11-05T08:25:30.489Z0.463710673961543"
  },
  {
    "id": "2025-11-06T00:23:17.865Z0.3686285715387888",
    "type": "buy",
    "market": "KRW-BTC",
    "price": 154998000,
    "amount": 0.00032258480754590385,
    "timestamp": "2025-11-06T00:23:17.865Z",
    "source": "2025-11-05T08:25:30.489Z0.463710673961543"
  },
  {
    "id": "2025-11-06T00:22:47.893Z0.32393081777225796",
    "type": "buy",
    "market": "KRW-BTC",
    "price": 155104000,
    "amount": 0.00032236434908190634,
    "timestamp": "2025-11-06T00:22:47.893Z",
    "source": "2025-11-05T08:25:30.489Z0.463710673961543"
  },
  {
    "id": "2025-11-06T00:22:47.865Z0.5981994222017235",
    "type": "buy",
    "market": "KRW-BTC",
    "price": 155104000,
    "amount": 0.00032236434908190634,
    "timestamp": "2025-11-06T00:22:47.865Z",
    "source": "2025-11-05T08:25:30.489Z0.463710673961543"
  },
  {
    "id": "2025-11-06T00:22:17.912Z0.4294591475659083",
    "type": "buy",
    "market": "KRW-BTC",
    "price": 155112000,
    "amount": 0.0003223477229356852,
    "timestamp": "2025-11-06T00:22:17.912Z",
    "source": "2025-11-05T08:25:30.489Z0.463710673961543"
  },
  {
    "id": "2025-11-06T00:22:17.880Z0.5067320588540447",
    "type": "buy",
    "market": "KRW-BTC",
    "price": 155112000,
    "amount": 0.0003223477229356852,
    "timestamp": "2025-11-06T00:22:17.880Z",
    "source": "2025-11-05T08:25:30.489Z0.463710673961543"
  },
  {
    "id": "2025-11-06T00:21:47.895Z0.6119619242241837",
    "type": "buy",
    "market": "KRW-BTC",
    "price": 155127000,
    "amount": 0.0003223165535335564,
    "timestamp": "2025-11-06T00:21:47.895Z",
    "source": "2025-11-05T08:25:30.489Z0.463710673961543"
  },
  {
    "id": "2025-11-06T00:21:47.862Z0.5287899395024966",
    "type": "buy",
    "market": "KRW-BTC",
    "price": 155127000,
    "amount": 0.0003223165535335564,
    "timestamp": "2025-11-06T00:21:47.862Z",
    "source": "2025-11-05T08:25:30.489Z0.463710673961543"
  },
  {
    "id": "2025-11-06T00:21:17.901Z0.6662453148676732",
    "type": "buy",
    "market": "KRW-BTC",
    "price": 155211000,
    "amount": 0.00032214211621598983,
    "timestamp": "2025-11-06T00:21:17.901Z",
    "source": "2025-11-05T08:25:30.489Z0.463710673961543"
  },
  {
    "id": "2025-11-06T00:21:17.865Z0.6625852656815354",
    "type": "buy",
    "market": "KRW-BTC",
    "price": 155211000,
    "amount": 0.00032214211621598983,
    "timestamp": "2025-11-06T00:21:17.865Z",
    "source": "2025-11-05T08:25:30.489Z0.463710673961543"
  },
  {
    "id": "2025-11-06T00:20:47.893Z0.7662991515591385",
    "type": "buy",
    "market": "KRW-BTC",
    "price": 155205000,
    "amount": 0.0003221545697625721,
    "timestamp": "2025-11-06T00:20:47.893Z",
    "source": "2025-11-05T08:25:30.489Z0.463710673961543"
  },
  {
    "id": "2025-11-06T00:20:47.866Z0.38586033717935875",
    "type": "buy",
    "market": "KRW-BTC",
    "price": 155205000,
    "amount": 0.0003221545697625721,
    "timestamp": "2025-11-06T00:20:47.866Z",
    "source": "2025-11-05T08:25:30.489Z0.463710673961543"
  },
  {
    "id": "2025-11-06T00:20:17.919Z0.592177931313709",
    "type": "buy",
    "market": "KRW-BTC",
    "price": 155309000,
    "amount": 0.00032193884449709933,
    "timestamp": "2025-11-06T00:20:17.919Z",
    "source": "2025-11-05T08:25:30.489Z0.463710673961543"
  },
  {
    "id": "2025-11-06T00:20:17.883Z0.9135491171358465",
    "type": "buy",
    "market": "KRW-BTC",
    "price": 155309000,
    "amount": 0.00032193884449709933,
    "timestamp": "2025-11-06T00:20:17.883Z",
    "source": "2025-11-05T08:25:30.489Z0.463710673961543"
  },
  {
    "id": "2025-11-06T00:19:47.910Z0.9627273961565848",
    "type": "buy",
    "market": "KRW-BTC",
    "price": 155309000,
    "amount": 0.00032193884449709933,
    "timestamp": "2025-11-06T00:19:47.910Z",
    "source": "2025-11-05T08:25:30.489Z0.463710673961543"
  },
  {
    "id": "2025-11-06T00:19:47.877Z0.44181789793263726",
    "type": "buy",
    "market": "KRW-BTC",
    "price": 155309000,
    "amount": 0.00032193884449709933,
    "timestamp": "2025-11-06T00:19:47.877Z",
    "source": "2025-11-05T08:25:30.489Z0.463710673961543"
  },
  {
    "id": "2025-11-06T00:19:17.902Z0.23373060486494024",
    "type": "buy",
    "market": "KRW-BTC",
    "price": 155316000,
    "amount": 0.00032192433490432407,
    "timestamp": "2025-11-06T00:19:17.902Z",
    "source": "2025-11-05T08:25:30.489Z0.463710673961543"
  },
  {
    "id": "2025-11-06T00:19:17.878Z0.4296138013975862",
    "type": "buy",
    "market": "KRW-BTC",
    "price": 155316000,
    "amount": 0.00032192433490432407,
    "timestamp": "2025-11-06T00:19:17.878Z",
    "source": "2025-11-05T08:25:30.489Z0.463710673961543"
  },
  {
    "id": "2025-11-06T00:18:47.895Z0.24149752322196993",
    "type": "buy",
    "market": "KRW-BTC",
    "price": 155354000,
    "amount": 0.00032184559135908954,
    "timestamp": "2025-11-06T00:18:47.895Z",
    "source": "2025-11-05T08:25:30.489Z0.463710673961543"
  },
  {
    "id": "2025-11-06T00:18:47.866Z0.5834569412405135",
    "type": "buy",
    "market": "KRW-BTC",
    "price": 155354000,
    "amount": 0.00032184559135908954,
    "timestamp": "2025-11-06T00:18:47.866Z",
    "source": "2025-11-05T08:25:30.489Z0.463710673961543"
  },
  {
    "id": "2025-11-06T00:18:17.891Z0.6510225789099141",
    "type": "buy",
    "market": "KRW-BTC",
    "price": 155462000,
    "amount": 0.0003216220040910319,
    "timestamp": "2025-11-06T00:18:17.891Z",
    "source": "2025-11-05T08:25:30.489Z0.463710673961543"
  },
  {
    "id": "2025-11-06T00:18:17.854Z0.6380052288891161",
    "type": "buy",
    "market": "KRW-BTC",
    "price": 155462000,
    "amount": 0.0003216220040910319,
    "timestamp": "2025-11-06T00:18:17.854Z",
    "source": "2025-11-05T08:25:30.489Z0.463710673961543"
  },
  {
    "id": "2025-11-06T00:17:47.913Z0.20040085338919034",
    "type": "buy",
    "market": "KRW-BTC",
    "price": 155468000,
    "amount": 0.0003216095916844624,
    "timestamp": "2025-11-06T00:17:47.913Z",
    "source": "2025-11-05T08:25:30.489Z0.463710673961543"
  },
  {
    "id": "2025-11-06T00:17:47.882Z0.3299822900302455",
    "type": "buy",
    "market": "KRW-BTC",
    "price": 155468000,
    "amount": 0.0003216095916844624,
    "timestamp": "2025-11-06T00:17:47.882Z",
    "source": "2025-11-05T08:25:30.489Z0.463710673961543"
  },
  {
    "id": "2025-11-06T00:17:17.917Z0.3301707991890246",
    "type": "buy",
    "market": "KRW-BTC",
    "price": 155472000,
    "amount": 0.0003216013172789956,
    "timestamp": "2025-11-06T00:17:17.917Z",
    "source": "2025-11-05T08:25:30.489Z0.463710673961543"
  },
  {
    "id": "2025-11-06T00:17:17.878Z0.07433682808687747",
    "type": "buy",
    "market": "KRW-BTC",
    "price": 155472000,
    "amount": 0.0003216013172789956,
    "timestamp": "2025-11-06T00:17:17.878Z",
    "source": "2025-11-05T08:25:30.489Z0.463710673961543"
  },
  {
    "id": "2025-11-06T00:16:47.897Z0.1867603671723399",
    "type": "buy",
    "market": "KRW-BTC",
    "price": 155471000,
    "amount": 0.00032160338584044613,
    "timestamp": "2025-11-06T00:16:47.897Z",
    "source": "2025-11-05T08:25:30.489Z0.463710673961543"
  },
  {
    "id": "2025-11-06T00:16:47.863Z0.7423507039249279",
    "type": "buy",
    "market": "KRW-BTC",
    "price": 155471000,
    "amount": 0.00032160338584044613,
    "timestamp": "2025-11-06T00:16:47.863Z",
    "source": "2025-11-05T08:25:30.489Z0.463710673961543"
  },
  {
    "id": "2025-11-06T00:16:17.890Z0.07564892650887645",
    "type": "buy",
    "market": "KRW-BTC",
    "price": 155472000,
    "amount": 0.0003216013172789956,
    "timestamp": "2025-11-06T00:16:17.890Z",
    "source": "2025-11-05T08:25:30.489Z0.463710673961543"
  },
  {
    "id": "2025-11-06T00:16:17.852Z0.6272853346036161",
    "type": "buy",
    "market": "KRW-BTC",
    "price": 155472000,
    "amount": 0.0003216013172789956,
    "timestamp": "2025-11-06T00:16:17.852Z",
    "source": "2025-11-05T08:25:30.489Z0.463710673961543"
  },
  {
    "id": "2025-11-06T00:15:47.910Z0.5132261624631032",
    "type": "buy",
    "market": "KRW-BTC",
    "price": 155486000,
    "amount": 0.00032157236021249504,
    "timestamp": "2025-11-06T00:15:47.910Z",
    "source": "2025-11-05T08:25:30.489Z0.463710673961543"
  },
  {
    "id": "2025-11-06T00:15:47.884Z0.8956027570691777",
    "type": "buy",
    "market": "KRW-BTC",
    "price": 155486000,
    "amount": 0.00032157236021249504,
    "timestamp": "2025-11-06T00:15:47.884Z",
    "source": "2025-11-05T08:25:30.489Z0.463710673961543"
  },
  {
    "id": "2025-11-06T00:15:17.909Z0.44423271085956484",
    "type": "buy",
    "market": "KRW-BTC",
    "price": 155472000,
    "amount": 0.0003216013172789956,
    "timestamp": "2025-11-06T00:15:17.909Z",
    "source": "2025-11-05T08:25:30.489Z0.463710673961543"
  },
  {
    "id": "2025-11-06T00:15:17.875Z0.9027047466315677",
    "type": "buy",
    "market": "KRW-BTC",
    "price": 155472000,
    "amount": 0.0003216013172789956,
    "timestamp": "2025-11-06T00:15:17.875Z",
    "source": "2025-11-05T08:25:30.489Z0.463710673961543"
  },
  {
    "id": "2025-11-06T00:14:47.909Z0.5188732571786397",
    "type": "buy",
    "market": "KRW-BTC",
    "price": 155641000,
    "amount": 0.0003212521122326379,
    "timestamp": "2025-11-06T00:14:47.909Z",
    "source": "2025-11-05T08:25:30.489Z0.463710673961543"
  },
  {
    "id": "2025-11-06T00:14:47.879Z0.13134605510562436",
    "type": "buy",
    "market": "KRW-BTC",
    "price": 155641000,
    "amount": 0.0003212521122326379,
    "timestamp": "2025-11-06T00:14:47.879Z",
    "source": "2025-11-05T08:25:30.489Z0.463710673961543"
  },
  {
    "id": "2025-11-06T00:14:17.892Z0.9937686652284419",
    "type": "buy",
    "market": "KRW-BTC",
    "price": 155535000,
    "amount": 0.00032147105153180957,
    "timestamp": "2025-11-06T00:14:17.892Z",
    "source": "2025-11-05T08:25:30.489Z0.463710673961543"
  },
  {
    "id": "2025-11-06T00:14:17.862Z0.3063001931002508",
    "type": "buy",
    "market": "KRW-BTC",
    "price": 155535000,
    "amount": 0.00032147105153180957,
    "timestamp": "2025-11-06T00:14:17.862Z",
    "source": "2025-11-05T08:25:30.489Z0.463710673961543"
  },
  {
    "id": "2025-11-06T00:13:47.915Z0.5923904694764233",
    "type": "buy",
    "market": "KRW-BTC",
    "price": 155533000,
    "amount": 0.00032147518533044434,
    "timestamp": "2025-11-06T00:13:47.915Z",
    "source": "2025-11-05T08:25:30.489Z0.463710673961543"
  },
  {
    "id": "2025-11-06T00:13:47.886Z0.6675608581838931",
    "type": "buy",
    "market": "KRW-BTC",
    "price": 155533000,
    "amount": 0.00032147518533044434,
    "timestamp": "2025-11-06T00:13:47.886Z",
    "source": "2025-11-05T08:25:30.489Z0.463710673961543"
  },
  {
    "id": "2025-11-06T00:13:17.907Z0.32491110557780023",
    "type": "buy",
    "market": "KRW-BTC",
    "price": 155452000,
    "amount": 0.000321642693564573,
    "timestamp": "2025-11-06T00:13:17.907Z",
    "source": "2025-11-05T08:25:30.489Z0.463710673961543"
  },
  {
    "id": "2025-11-06T00:13:17.877Z0.6375548274920233",
    "type": "buy",
    "market": "KRW-BTC",
    "price": 155452000,
    "amount": 0.000321642693564573,
    "timestamp": "2025-11-06T00:13:17.877Z",
    "source": "2025-11-05T08:25:30.489Z0.463710673961543"
  },
  {
    "id": "2025-11-06T00:12:47.908Z0.08721746197401858",
    "type": "buy",
    "market": "KRW-BTC",
    "price": 155415000,
    "amount": 0.00032171926776694657,
    "timestamp": "2025-11-06T00:12:47.908Z",
    "source": "2025-11-05T08:25:30.489Z0.463710673961543"
  },
  {
    "id": "2025-11-06T00:12:47.879Z0.20256246438987835",
    "type": "buy",
    "market": "KRW-BTC",
    "price": 155415000,
    "amount": 0.00032171926776694657,
    "timestamp": "2025-11-06T00:12:47.879Z",
    "source": "2025-11-05T08:25:30.489Z0.463710673961543"
  },
  {
    "id": "2025-11-06T00:12:17.897Z0.23779309621444267",
    "type": "buy",
    "market": "KRW-BTC",
    "price": 155493000,
    "amount": 0.00032155788363463306,
    "timestamp": "2025-11-06T00:12:17.897Z",
    "source": "2025-11-05T08:25:30.489Z0.463710673961543"
  },
  {
    "id": "2025-11-06T00:12:17.870Z0.08109885590976496",
    "type": "buy",
    "market": "KRW-BTC",
    "price": 155493000,
    "amount": 0.00032155788363463306,
    "timestamp": "2025-11-06T00:12:17.870Z",
    "source": "2025-11-05T08:25:30.489Z0.463710673961543"
  },
  {
    "id": "2025-11-06T00:11:47.918Z0.22498512475097665",
    "type": "buy",
    "market": "KRW-BTC",
    "price": 155500000,
    "amount": 0.0003215434083601286,
    "timestamp": "2025-11-06T00:11:47.918Z",
    "source": "2025-11-05T08:25:30.489Z0.463710673961543"
  },
  {
    "id": "2025-11-06T00:11:47.886Z0.6861877968755081",
    "type": "buy",
    "market": "KRW-BTC",
    "price": 155500000,
    "amount": 0.0003215434083601286,
    "timestamp": "2025-11-06T00:11:47.886Z",
    "source": "2025-11-05T08:25:30.489Z0.463710673961543"
  },
  {
    "id": "2025-11-06T00:11:17.896Z0.571297924442673",
    "type": "buy",
    "market": "KRW-BTC",
    "price": 155535000,
    "amount": 0.00032147105153180957,
    "timestamp": "2025-11-06T00:11:17.896Z",
    "source": "2025-11-05T08:25:30.489Z0.463710673961543"
  },
  {
    "id": "2025-11-06T00:11:17.862Z0.30013585912709906",
    "type": "buy",
    "market": "KRW-BTC",
    "price": 155535000,
    "amount": 0.00032147105153180957,
    "timestamp": "2025-11-06T00:11:17.862Z",
    "source": "2025-11-05T08:25:30.489Z0.463710673961543"
  },
  {
    "id": "2025-11-06T00:10:47.899Z0.5330469046821845",
    "type": "buy",
    "market": "KRW-BTC",
    "price": 155425000,
    "amount": 0.00032169856844137045,
    "timestamp": "2025-11-06T00:10:47.899Z",
    "source": "2025-11-05T08:25:30.489Z0.463710673961543"
  },
  {
    "id": "2025-11-06T00:10:47.865Z0.8321417451247928",
    "type": "buy",
    "market": "KRW-BTC",
    "price": 155425000,
    "amount": 0.00032169856844137045,
    "timestamp": "2025-11-06T00:10:47.865Z",
    "source": "2025-11-05T08:25:30.489Z0.463710673961543"
  },
  {
    "id": "2025-11-06T00:10:17.918Z0.8520346835417426",
    "type": "buy",
    "market": "KRW-BTC",
    "price": 155424000,
    "amount": 0.0003217006382540663,
    "timestamp": "2025-11-06T00:10:17.918Z",
    "source": "2025-11-05T08:25:30.489Z0.463710673961543"
  },
  {
    "id": "2025-11-06T00:10:17.880Z0.9116301208233791",
    "type": "buy",
    "market": "KRW-BTC",
    "price": 155424000,
    "amount": 0.0003217006382540663,
    "timestamp": "2025-11-06T00:10:17.880Z",
    "source": "2025-11-05T08:25:30.489Z0.463710673961543"
  },
  {
    "id": "2025-11-06T00:09:47.900Z0.7697941686543941",
    "type": "buy",
    "market": "KRW-BTC",
    "price": 155334000,
    "amount": 0.000321887030527766,
    "timestamp": "2025-11-06T00:09:47.900Z",
    "source": "2025-11-05T08:25:30.489Z0.463710673961543"
  },
  {
    "id": "2025-11-06T00:09:47.868Z0.5822691209757062",
    "type": "buy",
    "market": "KRW-BTC",
    "price": 155334000,
    "amount": 0.000321887030527766,
    "timestamp": "2025-11-06T00:09:47.868Z",
    "source": "2025-11-05T08:25:30.489Z0.463710673961543"
  },
  {
    "id": "2025-11-06T00:09:17.897Z0.8344168976385681",
    "type": "buy",
    "market": "KRW-BTC",
    "price": 155281000,
    "amount": 0.00032199689594992304,
    "timestamp": "2025-11-06T00:09:17.897Z",
    "source": "2025-11-05T08:25:30.489Z0.463710673961543"
  },
  {
    "id": "2025-11-06T00:09:17.866Z0.15851458238551663",
    "type": "buy",
    "market": "KRW-BTC",
    "price": 155281000,
    "amount": 0.00032199689594992304,
    "timestamp": "2025-11-06T00:09:17.866Z",
    "source": "2025-11-05T08:25:30.489Z0.463710673961543"
  },
  {
    "id": "2025-11-06T00:08:47.895Z0.7432142721351199",
    "type": "buy",
    "market": "KRW-BTC",
    "price": 154974000,
    "amount": 0.00032263476454114884,
    "timestamp": "2025-11-06T00:08:47.895Z",
    "source": "2025-11-05T08:25:30.489Z0.463710673961543"
  },
  {
    "id": "2025-11-06T00:08:47.866Z0.15409999418535136",
    "type": "buy",
    "market": "KRW-BTC",
    "price": 154974000,
    "amount": 0.00032263476454114884,
    "timestamp": "2025-11-06T00:08:47.866Z",
    "source": "2025-11-05T08:25:30.489Z0.463710673961543"
  },
  {
    "id": "2025-11-06T00:08:17.908Z0.6618466084517649",
    "type": "buy",
    "market": "KRW-BTC",
    "price": 154999000,
    "amount": 0.00032258272634016994,
    "timestamp": "2025-11-06T00:08:17.908Z",
    "source": "2025-11-05T08:25:30.489Z0.463710673961543"
  },
  {
    "id": "2025-11-06T00:08:17.877Z0.9988778326183517",
    "type": "buy",
    "market": "KRW-BTC",
    "price": 154999000,
    "amount": 0.00032258272634016994,
    "timestamp": "2025-11-06T00:08:17.877Z",
    "source": "2025-11-05T08:25:30.489Z0.463710673961543"
  },
  {
    "id": "2025-11-06T00:07:48.311Z0.5936727018341342",
    "type": "buy",
    "market": "KRW-BTC",
    "price": 155002000,
    "amount": 0.0003225764828840918,
    "timestamp": "2025-11-06T00:07:48.311Z",
    "source": "2025-11-05T08:25:30.489Z0.463710673961543"
  },
  {
    "id": "2025-11-06T00:07:48.097Z0.9830534759322951",
    "type": "buy",
    "market": "KRW-BTC",
    "price": 155002000,
    "amount": 0.0003225764828840918,
    "timestamp": "2025-11-06T00:07:48.097Z",
    "source": "2025-11-05T08:25:30.489Z0.463710673961543"
  },
  {
    "id": "2025-11-06T00:07:17.899Z0.9965877705521914",
    "type": "buy",
    "market": "KRW-BTC",
    "price": 155090000,
    "amount": 0.000322393448965117,
    "timestamp": "2025-11-06T00:07:17.899Z",
    "source": "2025-11-05T08:25:30.489Z0.463710673961543"
  },
  {
    "id": "2025-11-06T00:07:17.866Z0.26620193910096046",
    "type": "buy",
    "market": "KRW-BTC",
    "price": 155090000,
    "amount": 0.000322393448965117,
    "timestamp": "2025-11-06T00:07:17.866Z",
    "source": "2025-11-05T08:25:30.489Z0.463710673961543"
  },
  {
    "id": "2025-11-06T00:06:47.913Z0.6173628249048448",
    "type": "buy",
    "market": "KRW-BTC",
    "price": 155103000,
    "amount": 0.0003223664274707775,
    "timestamp": "2025-11-06T00:06:47.913Z",
    "source": "2025-11-05T08:25:30.489Z0.463710673961543"
  },
  {
    "id": "2025-11-06T00:06:47.884Z0.42736486431476617",
    "type": "buy",
    "market": "KRW-BTC",
    "price": 155103000,
    "amount": 0.0003223664274707775,
    "timestamp": "2025-11-06T00:06:47.884Z",
    "source": "2025-11-05T08:25:30.489Z0.463710673961543"
  },
  {
    "id": "2025-11-06T00:06:17.918Z0.28200372429200404",
    "type": "buy",
    "market": "KRW-BTC",
    "price": 155114000,
    "amount": 0.00032234356666709644,
    "timestamp": "2025-11-06T00:06:17.918Z",
    "source": "2025-11-05T08:25:30.489Z0.463710673961543"
  },
  {
    "id": "2025-11-06T00:06:17.881Z0.45530391953170946",
    "type": "buy",
    "market": "KRW-BTC",
    "price": 155114000,
    "amount": 0.00032234356666709644,
    "timestamp": "2025-11-06T00:06:17.881Z",
    "source": "2025-11-05T08:25:30.489Z0.463710673961543"
  },
  {
    "id": "2025-11-06T00:05:47.903Z0.5553024453253651",
    "type": "buy",
    "market": "KRW-BTC",
    "price": 155282000,
    "amount": 0.00032199482232325705,
    "timestamp": "2025-11-06T00:05:47.903Z",
    "source": "2025-11-05T08:25:30.489Z0.463710673961543"
  },
  {
    "id": "2025-11-06T00:05:47.866Z0.877780639198278",
    "type": "buy",
    "market": "KRW-BTC",
    "price": 155282000,
    "amount": 0.00032199482232325705,
    "timestamp": "2025-11-06T00:05:47.866Z",
    "source": "2025-11-05T08:25:30.489Z0.463710673961543"
  },
  {
    "id": "2025-11-06T00:05:17.918Z0.9046880231470571",
    "type": "buy",
    "market": "KRW-BTC",
    "price": 155350000,
    "amount": 0.000321853878339234,
    "timestamp": "2025-11-06T00:05:17.918Z",
    "source": "2025-11-05T08:25:30.489Z0.463710673961543"
  },
  {
    "id": "2025-11-06T00:05:17.879Z0.7113364927851563",
    "type": "buy",
    "market": "KRW-BTC",
    "price": 155350000,
    "amount": 0.000321853878339234,
    "timestamp": "2025-11-06T00:05:17.879Z",
    "source": "2025-11-05T08:25:30.489Z0.463710673961543"
  },
  {
    "id": "2025-11-06T00:04:47.897Z0.3817751282546159",
    "type": "buy",
    "market": "KRW-BTC",
    "price": 155443000,
    "amount": 0.0003216613163667711,
    "timestamp": "2025-11-06T00:04:47.897Z",
    "source": "2025-11-05T08:25:30.489Z0.463710673961543"
  },
  {
    "id": "2025-11-06T00:04:47.868Z0.16353349829948227",
    "type": "buy",
    "market": "KRW-BTC",
    "price": 155443000,
    "amount": 0.0003216613163667711,
    "timestamp": "2025-11-06T00:04:47.868Z",
    "source": "2025-11-05T08:25:30.489Z0.463710673961543"
  },
  {
    "id": "2025-11-06T00:04:17.901Z0.6768013541795128",
    "type": "buy",
    "market": "KRW-BTC",
    "price": 155512000,
    "amount": 0.00032151859663562943,
    "timestamp": "2025-11-06T00:04:17.901Z",
    "source": "2025-11-05T08:25:30.489Z0.463710673961543"
  },
  {
    "id": "2025-11-06T00:04:17.866Z0.9292027567841193",
    "type": "buy",
    "market": "KRW-BTC",
    "price": 155512000,
    "amount": 0.00032151859663562943,
    "timestamp": "2025-11-06T00:04:17.866Z",
    "source": "2025-11-05T08:25:30.489Z0.463710673961543"
  },
  {
    "id": "2025-11-06T00:03:47.926Z0.006498496084273775",
    "type": "buy",
    "market": "KRW-BTC",
    "price": 155583000,
    "amount": 0.0003213718722482533,
    "timestamp": "2025-11-06T00:03:47.926Z",
    "source": "2025-11-05T08:25:30.489Z0.463710673961543"
  },
  {
    "id": "2025-11-06T00:03:47.885Z0.25621284667711397",
    "type": "buy",
    "market": "KRW-BTC",
    "price": 155583000,
    "amount": 0.0003213718722482533,
    "timestamp": "2025-11-06T00:03:47.885Z",
    "source": "2025-11-05T08:25:30.489Z0.463710673961543"
  },
  {
    "id": "2025-11-06T00:03:17.902Z0.08662751455713902",
    "type": "buy",
    "market": "KRW-BTC",
    "price": 155681000,
    "amount": 0.0003211695711101547,
    "timestamp": "2025-11-06T00:03:17.902Z",
    "source": "2025-11-05T08:25:30.489Z0.463710673961543"
  },
  {
    "id": "2025-11-06T00:03:17.871Z0.4575144409668226",
    "type": "buy",
    "market": "KRW-BTC",
    "price": 155681000,
    "amount": 0.0003211695711101547,
    "timestamp": "2025-11-06T00:03:17.871Z",
    "source": "2025-11-05T08:25:30.489Z0.463710673961543"
  },
  {
    "id": "2025-11-06T00:02:47.899Z0.1319701801017854",
    "type": "buy",
    "market": "KRW-BTC",
    "price": 155724000,
    "amount": 0.0003210808866969767,
    "timestamp": "2025-11-06T00:02:47.899Z",
    "source": "2025-11-05T08:25:30.489Z0.463710673961543"
  },
  {
    "id": "2025-11-06T00:02:47.865Z0.09527974822263907",
    "type": "buy",
    "market": "KRW-BTC",
    "price": 155724000,
    "amount": 0.0003210808866969767,
    "timestamp": "2025-11-06T00:02:47.865Z",
    "source": "2025-11-05T08:25:30.489Z0.463710673961543"
  },
  {
    "id": "2025-11-05T23:58:48.387Z0.13437439736073142",
    "type": "buy",
    "market": "KRW-BTC",
    "price": 156007000,
    "amount": 0.00032049843917260123,
    "timestamp": "2025-11-05T23:58:48.387Z",
    "source": "2025-11-05T08:25:33.864Z0.6781400701635576"
  },
  {
    "id": "2025-11-05T23:58:48.341Z0.30970790922820823",
    "type": "buy",
    "market": "KRW-BTC",
    "price": 156007000,
    "amount": 0.00032049843917260123,
    "timestamp": "2025-11-05T23:58:48.341Z",
    "source": "2025-11-05T08:25:33.864Z0.6781400701635576"
  },
  {
    "id": "2025-11-05T23:57:29.409Z0.8167243177403306",
    "type": "buy",
    "market": "KRW-BTC",
    "price": 156041000,
    "amount": 0.00032042860530245257,
    "timestamp": "2025-11-05T23:57:29.409Z",
    "source": "2025-11-05T08:25:33.864Z0.6781400701635576"
  },
  {
    "id": "2025-11-05T23:57:29.375Z0.15497347046119003",
    "type": "buy",
    "market": "KRW-BTC",
    "price": 156041000,
    "amount": 0.00032042860530245257,
    "timestamp": "2025-11-05T23:57:29.375Z",
    "source": "2025-11-05T08:25:33.864Z0.6781400701635576"
  },
  {
    "id": "2025-11-05T08:26:03.903Z0.8505172866471603",
    "type": "buy",
    "market": "KRW-BTC",
    "price": 150901000,
    "amount": 0.00004141788324795727,
    "timestamp": "2025-11-05T08:26:03.903Z",
    "source": "2025-11-05T08:25:33.864Z0.6781400701635576"
  },
  {
    "id": "2025-11-05T08:26:00.528Z0.19293122426437026",
    "type": "buy",
    "market": "KRW-BTC",
    "price": 150944000,
    "amount": 0.000082812168751325,
    "timestamp": "2025-11-05T08:26:00.528Z",
    "source": "2025-11-05T08:25:30.489Z0.463710673961543"
  },
  {
    "id": "2025-11-05T08:25:33.904Z0.959756339313698",
    "type": "buy",
    "market": "KRW-BTC",
    "price": 150909000,
    "amount": 0.00016566275039924723,
    "timestamp": "2025-11-05T08:25:33.904Z",
    "source": "2025-11-05T08:25:33.864Z0.6781400701635576"
  },
  {
    "id": "2025-11-05T08:25:30.528Z0.9241590735291512",
    "type": "buy",
    "market": "KRW-BTC",
    "price": 150855000,
    "amount": 0.00033144410195220576,
    "timestamp": "2025-11-05T08:25:30.528Z",
    "source": "2025-11-05T08:25:30.489Z0.463710673961543"
  }
]