[
  {
    "id": "2025-11-04T07:59:37.234Z0.2563107351066598",
    "type": "buy",
    "market": "KRW-BTC",
    "price": 154689000,
    "amount": 0.03232291888886734,
    "timestamp": "2025-11-04T07:59:37.234Z",
    "source": "2025-11-04T04:11:35.999Z0.8512843256603637"
  },
  {
    "id": "2025-11-04T07:59:37.075Z0.005604961060801439",
    "type": "buy",
    "market": "KRW-BTC",
    "price": 154689000,
    "amount": 0.00006464583777773468,
    "timestamp": "2025-11-04T07:59:37.075Z",
    "source": "2025-11-04T04:11:22.166Z0.8309732129265126"
  },
  {
    "id": "2025-11-04T07:58:37.223Z0.7168538177843862",
    "type": "buy",
    "market": "KRW-BTC",
    "price": 154736000,
    "amount": 0.00006462620204735808,
    "timestamp": "2025-11-04T07:58:37.223Z",
    "source": "2025-11-04T04:11:22.166Z0.8309732129265126"
  },
  {
    "id": "2025-11-04T07:58:37.070Z0.23772228295941067",
    "type": "buy",
    "market": "KRW-BTC",
    "price": 154735000,
    "amount": 0.00006462661970465635,
    "timestamp": "2025-11-04T07:58:37.070Z",
    "source": "2025-11-04T04:11:22.166Z0.8309732129265126"
  },
  {
    "id": "2025-11-04T07:57:37.216Z0.1285732494007782",
    "type": "buy",
    "market": "KRW-BTC",
    "price": 154797000,
    "amount": 0.00006460073515636608,
    "timestamp": "2025-11-04T07:57:37.216Z",
    "source": "2025-11-04T04:11:22.166Z0.8309732129265126"
  },
  {
    "id": "2025-11-04T07:57:37.060Z0.091228657822094",
    "type": "buy",
    "market": "KRW-BTC",
    "price": 154797000,
    "amount": 0.00006460073515636608,
    "timestamp": "2025-11-04T07:57:37.060Z",
    "source": "2025-11-04T04:11:22.166Z0.8309732129265126"
  },
  {
    "id": "2025-11-04T07:56:37.223Z0.6292758193191588",
    "type": "buy",
    "market": "KRW-BTC",
    "price": 154800000,
    "amount": 0.00006459948320413436,
    "timestamp": "2025-11-04T07:56:37.223Z",
    "source": "2025-11-04T04:11:22.166Z0.8309732129265126"
  },
  {
    "id": "2025-11-04T07:56:37.069Z0.7681301467151151",
    "type": "buy",
    "market": "KRW-BTC",
    "price": 154802000,
    "amount": 0.00006459864859627137,
    "timestamp": "2025-11-04T07:56:37.069Z",
    "source": "2025-11-04T04:11:22.166Z0.8309732129265126"
  },
  {
    "id": "2025-11-04T07:55:37.219Z0.28780389315241683",
    "type": "buy",
    "market": "KRW-BTC",
    "price": 154869000,
    "amount": 0.00006457070168981526,
    "timestamp": "2025-11-04T07:55:37.219Z",
    "source": "2025-11-04T04:11:22.166Z0.8309732129265126"
  },
  {
    "id": "2025-11-04T07:55:37.061Z0.23661548355483297",
    "type": "buy",
    "market": "KRW-BTC",
    "price": 154870000,
    "amount": 0.00006457028475495577,
    "timestamp": "2025-11-04T07:55:37.061Z",
    "source": "2025-11-04T04:11:22.166Z0.8309732129265126"
  },
  {
    "id": "2025-11-04T07:54:37.222Z0.49754838540160173",
    "type": "buy",
    "market": "KRW-BTC",
    "price": 154900000,
    "amount": 0.0000645577792123951,
    "timestamp": "2025-11-04T07:54:37.222Z",
    "source": "2025-11-04T04:11:22.166Z0.8309732129265126"
  },
  {
    "id": "2025-11-04T07:54:37.067Z0.7890917973371009",
    "type": "buy",
    "market": "KRW-BTC",
    "price": 154900000,
    "amount": 0.0000645577792123951,
    "timestamp": "2025-11-04T07:54:37.067Z",
    "source": "2025-11-04T04:11:22.166Z0.8309732129265126"
  },
  {
    "id": "2025-11-04T07:53:37.215Z0.9097242547575332",
    "type": "buy",
    "market": "KRW-BTC",
    "price": 154909000,
    "amount": 0.00006455402849414818,
    "timestamp": "2025-11-04T07:53:37.215Z",
    "source": "2025-11-04T04:11:22.166Z0.8309732129265126"
  },
  {
    "id": "2025-11-04T07:53:37.060Z0.8806033278625883",
    "type": "buy",
    "market": "KRW-BTC",
    "price": 154909000,
    "amount": 0.00006455402849414818,
    "timestamp": "2025-11-04T07:53:37.060Z",
    "source": "2025-11-04T04:11:22.166Z0.8309732129265126"
  },
  {
    "id": "2025-11-04T07:52:37.211Z0.1280980856840236",
    "type": "buy",
    "market": "KRW-BTC",
    "price": 154912000,
    "amount": 0.00006455277835158025,
    "timestamp": "2025-11-04T07:52:37.211Z",
    "source": "2025-11-04T04:11:22.166Z0.8309732129265126"
  },
  {
    "id": "2025-11-04T07:52:37.055Z0.8723427442260601",
    "type": "buy",
    "market": "KRW-BTC",
    "price": 154906000,
    "amount": 0.00006455527868513808,
    "timestamp": "2025-11-04T07:52:37.055Z",
    "source": "2025-11-04T04:11:22.166Z0.8309732129265126"
  },
  {
    "id": "2025-11-04T07:51:37.225Z0.37405613409614447",
    "type": "buy",
    "market": "KRW-BTC",
    "price": 154900000,
    "amount": 0.0000645577792123951,
    "timestamp": "2025-11-04T07:51:37.225Z",
    "source": "2025-11-04T04:11:22.166Z0.8309732129265126"
  },
  {
    "id": "2025-11-04T07:51:37.065Z0.8212730143522152",
    "type": "buy",
    "market": "KRW-BTC",
    "price": 154900000,
    "amount": 0.0000645577792123951,
    "timestamp": "2025-11-04T07:51:37.065Z",
    "source": "2025-11-04T04:11:22.166Z0.8309732129265126"
  },
  {
    "id": "2025-11-04T07:50:37.206Z0.7914281516656534",
    "type": "buy",
    "market": "KRW-BTC",
    "price": 154950000,
    "amount": 0.00006453694740238787,
    "timestamp": "2025-11-04T07:50:37.206Z",
    "source": "2025-11-04T04:11:22.166Z0.8309732129265126"
  },
  {
    "id": "2025-11-04T07:50:37.047Z0.47059384243578806",
    "type": "buy",
    "market": "KRW-BTC",
    "price": 154960000,
    "amount": 0.00006453278265358803,
    "timestamp": "2025-11-04T07:50:37.047Z",
    "source": "2025-11-04T04:11:22.166Z0.8309732129265126"
  },
  {
    "id": "2025-11-04T07:49:37.212Z0.2056757433694517",
    "type": "buy",
    "market": "KRW-BTC",
    "price": 154987000,
    "amount": 0.00006452154051630137,
    "timestamp": "2025-11-04T07:49:37.212Z",
    "source": "2025-11-04T04:11:22.166Z0.8309732129265126"
  },
  {
    "id": "2025-11-04T07:49:37.058Z0.0376752358967386",
    "type": "buy",
    "market": "KRW-BTC",
    "price": 154985000,
    "amount": 0.00006452237313288383,
    "timestamp": "2025-11-04T07:49:37.058Z",
    "source": "2025-11-04T04:11:22.166Z0.8309732129265126"
  },
  {
    "id": "2025-11-04T07:48:37.212Z0.07298504912727521",
    "type": "buy",
    "market": "KRW-BTC",
    "price": 155000000,
    "amount": 0.00006451612903225807,
    "timestamp": "2025-11-04T07:48:37.212Z",
    "source": "2025-11-04T04:11:22.166Z0.8309732129265126"
  },
  {
    "id": "2025-11-04T07:48:37.050Z0.8205493294332514",
    "type": "buy",
    "market": "KRW-BTC",
    "price": 155000000,
    "amount": 0.00006451612903225807,
    "timestamp": "2025-11-04T07:48:37.050Z",
    "source": "2025-11-04T04:11:22.166Z0.8309732129265126"
  },
  {
    "id": "2025-11-04T07:47:37.214Z0.2155197220090317",
    "type": "buy",
    "market": "KRW-BTC",
    "price": 155001000,
    "amount": 0.00006451571280185289,
    "timestamp": "2025-11-04T07:47:37.214Z",
    "source": "2025-11-04T04:11:22.166Z0.8309732129265126"
  },
  {
    "id": "2025-11-04T07:47:37.059Z0.3064900316529603",
    "type": "buy",
    "market": "KRW-BTC",
    "price": 155001000,
    "amount": 0.00006451571280185289,
    "timestamp": "2025-11-04T07:47:37.059Z",
    "source": "2025-11-04T04:11:22.166Z0.8309732129265126"
  },
  {
    "id": "2025-11-04T07:46:37.204Z0.657579495961747",
    "type": "buy",
    "market": "KRW-BTC",
    "price": 155001000,
    "amount": 0.00006451571280185289,
    "timestamp": "2025-11-04T07:46:37.204Z",
    "source": "2025-11-04T04:11:22.166Z0.8309732129265126"
  },
  {
    "id": "2025-11-04T07:46:37.058Z0.3906932319535622",
    "type": "buy",
    "market": "KRW-BTC",
    "price": 155001000,
    "amount": 0.00006451571280185289,
    "timestamp": "2025-11-04T07:46:37.058Z",
    "source": "2025-11-04T04:11:22.166Z0.8309732129265126"
  },
  {
    "id": "2025-11-04T07:45:37.230Z0.3223533660382065",
    "type": "buy",
    "market": "KRW-BTC",
    "price": 155001000,
    "amount": 0.00006451571280185289,
    "timestamp": "2025-11-04T07:45:37.230Z",
    "source": "2025-11-04T04:11:22.166Z0.8309732129265126"
  },
  {
    "id": "2025-11-04T07:45:37.066Z0.41211776626661645",
    "type": "buy",
    "market": "KRW-BTC",
    "price": 155001000,
    "amount": 0.00006451571280185289,
    "timestamp": "2025-11-04T07:45:37.066Z",
    "source": "2025-11-04T04:11:22.166Z0.8309732129265126"
  },
  {
    "id": "2025-11-04T07:44:37.216Z0.24006225296204442",
    "type": "buy",
    "market": "KRW-BTC",
    "price": 155001000,
    "amount": 0.00006451571280185289,
    "timestamp": "2025-11-04T07:44:37.216Z",
    "source": "2025-11-04T04:11:22.166Z0.8309732129265126"
  },
  {
    "id": "2025-11-04T07:44:37.064Z0.1911569806525204",
    "type": "buy",
    "market": "KRW-BTC",
    "price": 155001000,
    "amount": 0.00006451571280185289,
    "timestamp": "2025-11-04T07:44:37.064Z",
    "source": "2025-11-04T04:11:22.166Z0.8309732129265126"
  },
  {
    "id": "2025-11-04T07:43:37.214Z0.18420325646928115",
    "type": "buy",
    "market": "KRW-BTC",
    "price": 155001000,
    "amount": 0.00006451571280185289,
    "timestamp": "2025-11-04T07:43:37.214Z",
    "source": "2025-11-04T04:11:22.166Z0.8309732129265126"
  },
  {
    "id": "2025-11-04T07:43:37.063Z0.8981744371960346",
    "type": "buy",
    "market": "KRW-BTC",
    "price": 155000000,
    "amount": 0.00006451612903225807,
    "timestamp": "2025-11-04T07:43:37.063Z",
    "source": "2025-11-04T04:11:22.166Z0.8309732129265126"
  },
  {
    "id": "2025-11-04T07:42:37.220Z0.14020196049316647",
    "type": "buy",
    "market": "KRW-BTC",
    "price": 155123000,
    "amount": 0.00006446497295694384,
    "timestamp": "2025-11-04T07:42:37.220Z",
    "source": "2025-11-04T04:11:22.166Z0.8309732129265126"
  },
  {
    "id": "2025-11-04T07:42:37.070Z0.5113038209044616",
    "type": "buy",
    "market": "KRW-BTC",
    "price": 155243000,
    "amount": 0.00006441514271174868,
    "timestamp": "2025-11-04T07:42:37.070Z",
    "source": "2025-11-04T04:11:22.166Z0.8309732129265126"
  },
  {
    "id": "2025-11-04T07:41:37.199Z0.908494950101242",
    "type": "buy",
    "market": "KRW-BTC",
    "price": 155421000,
    "amount": 0.00006434136957039268,
    "timestamp": "2025-11-04T07:41:37.199Z",
    "source": "2025-11-04T04:11:22.166Z0.8309732129265126"
  },
  {
    "id": "2025-11-04T07:41:37.047Z0.22257845330522286",
    "type": "buy",
    "market": "KRW-BTC",
    "price": 155418000,
    "amount": 0.0000643426115379171,
    "timestamp": "2025-11-04T07:41:37.047Z",
    "source": "2025-11-04T04:11:22.166Z0.8309732129265126"
  },
  {
    "id": "2025-11-04T07:40:37.202Z0.8195148420661494",
    "type": "buy",
    "market": "KRW-BTC",
    "price": 155417000,
    "amount": 0.00006434302553774683,
    "timestamp": "2025-11-04T07:40:37.202Z",
    "source": "2025-11-04T04:11:22.166Z0.8309732129265126"
  },
  {
    "id": "2025-11-04T07:40:37.049Z0.5544404872863032",
    "type": "buy",
    "market": "KRW-BTC",
    "price": 155417000,
    "amount": 0.00006434302553774683,
    "timestamp": "2025-11-04T07:40:37.049Z",
    "source": "2025-11-04T04:11:22.166Z0.8309732129265126"
  },
  {
    "id": "2025-11-04T07:39:37.203Z0.6192188814543872",
    "type": "buy",
    "market": "KRW-BTC",
    "price": 155202000,
    "amount": 0.00006443215937938944,
    "timestamp": "2025-11-04T07:39:37.203Z",
    "source": "2025-11-04T04:11:22.166Z0.8309732129265126"
  },
  {
    "id": "2025-11-04T07:39:37.052Z0.9817862246186685",
    "type": "buy",
    "market": "KRW-BTC",
    "price": 155202000,
    "amount": 0.00006443215937938944,
    "timestamp": "2025-11-04T07:39:37.052Z",
    "source": "2025-11-04T04:11:22.166Z0.8309732129265126"
  },
  {
    "id": "2025-11-04T07:38:37.198Z0.0767787200224408",
    "type": "buy",
    "market": "KRW-BTC",
    "price": 155110000,
    "amount": 0.00006447037586229128,
    "timestamp": "2025-11-04T07:38:37.198Z",
    "source": "2025-11-04T04:11:22.166Z0.8309732129265126"
  },
  {
    "id": "2025-11-04T07:38:37.049Z0.18656634513306192",
    "type": "buy",
    "market": "KRW-BTC",
    "price": 155120000,
    "amount": 0.00006446621970087674,
    "timestamp": "2025-11-04T07:38:37.049Z",
    "source": "2025-11-04T04:11:22.166Z0.8309732129265126"
  },
  {
    "id": "2025-11-04T07:37:37.208Z0.6626967524467253",
    "type": "buy",
    "market": "KRW-BTC",
    "price": 155016000,
    "amount": 0.00006450946999019456,
    "timestamp": "2025-11-04T07:37:37.208Z",
    "source": "2025-11-04T04:11:22.166Z0.8309732129265126"
  },
  {
    "id": "2025-11-04T07:37:37.065Z0.4104679395501768",
    "type": "buy",
    "market": "KRW-BTC",
    "price": 155016000,
    "amount": 0.00006450946999019456,
    "timestamp": "2025-11-04T07:37:37.065Z",
    "source": "2025-11-04T04:11:22.166Z0.8309732129265126"
  },
  {
    "id": "2025-11-04T07:36:37.208Z0.530337096929288",
    "type": "buy",
    "market": "KRW-BTC",
    "price": 155030000,
    "amount": 0.00006450364445591176,
    "timestamp": "2025-11-04T07:36:37.208Z",
    "source": "2025-11-04T04:11:22.166Z0.8309732129265126"
  },
  {
    "id": "2025-11-04T07:36:37.064Z0.292578787234124",
    "type": "buy",
    "market": "KRW-BTC",
    "price": 155030000,
    "amount": 0.00006450364445591176,
    "timestamp": "2025-11-04T07:36:37.064Z",
    "source": "2025-11-04T04:11:22.166Z0.8309732129265126"
  },
  {
    "id": "2025-11-04T07:35:37.206Z0.8074838888102898",
    "type": "buy",
    "market": "KRW-BTC",
    "price": 155002000,
    "amount": 0.00006451529657681836,
    "timestamp": "2025-11-04T07:35:37.206Z",
    "source": "2025-11-04T04:11:22.166Z0.8309732129265126"
  },
  {
    "id": "2025-11-04T07:35:37.068Z0.26964124707537573",
    "type": "buy",
    "market": "KRW-BTC",
    "price": 155045000,
    "amount": 0.00006449740397948982,
    "timestamp": "2025-11-04T07:35:37.068Z",
    "source": "2025-11-04T04:11:22.166Z0.8309732129265126"
  },
  {
    "id": "2025-11-04T07:34:37.199Z0.26779455530483254",
    "type": "buy",
    "market": "KRW-BTC",
    "price": 155035000,
    "amount": 0.00006450156416293096,
    "timestamp": "2025-11-04T07:34:37.199Z",
    "source": "2025-11-04T04:11:22.166Z0.8309732129265126"
  },
  {
    "id": "2025-11-04T07:34:37.060Z0.7241643886791076",
    "type": "buy",
    "market": "KRW-BTC",
    "price": 155035000,
    "amount": 0.00006450156416293096,
    "timestamp": "2025-11-04T07:34:37.060Z",
    "source": "2025-11-04T04:11:22.166Z0.8309732129265126"
  },
  {
    "id": "2025-11-04T07:33:37.194Z0.44297787274675504",
    "type": "buy",
    "market": "KRW-BTC",
    "price": 155056000,
    "amount": 0.0000644928283974822,
    "timestamp": "2025-11-04T07:33:37.194Z",
    "source": "2025-11-04T04:11:22.166Z0.8309732129265126"
  },
  {
    "id": "2025-11-04T07:33:37.057Z0.9028720389355398",
    "type": "buy",
    "market": "KRW-BTC",
    "price": 155056000,
    "amount": 0.0000644928283974822,
    "timestamp": "2025-11-04T07:33:37.057Z",
    "source": "2025-11-04T04:11:22.166Z0.8309732129265126"
  },
  {
    "id": "2025-11-04T07:32:37.199Z0.17337427728473254",
    "type": "buy",
    "market": "KRW-BTC",
    "price": 155057000,
    "amount": 0.00006449241246767318,
    "timestamp": "2025-11-04T07:32:37.199Z",
    "source": "2025-11-04T04:11:22.166Z0.8309732129265126"
  },
  {
    "id": "2025-11-04T07:32:37.053Z0.3148399132435823",
    "type": "buy",
    "market": "KRW-BTC",
    "price": 155057000,
    "amount": 0.00006449241246767318,
    "timestamp": "2025-11-04T07:32:37.053Z",
    "source": "2025-11-04T04:11:22.166Z0.8309732129265126"
  },
  {
    "id": "2025-11-04T07:31:37.194Z0.646614753600858",
    "type": "buy",
    "market": "KRW-BTC",
    "price": 155057000,
    "amount": 0.00006449241246767318,
    "timestamp": "2025-11-04T07:31:37.194Z",
    "source": "2025-11-04T04:11:22.166Z0.8309732129265126"
  },
  {
    "id": "2025-11-04T07:31:37.056Z0.4081432632054143",
    "type": "buy",
    "market": "KRW-BTC",
    "price": 155057000,
    "amount": 0.00006449241246767318,
    "timestamp": "2025-11-04T07:31:37.056Z",
    "source": "2025-11-04T04:11:22.166Z0.8309732129265126"
  },
  {
    "id": "2025-11-04T07:30:37.196Z0.4848217325091593",
    "type": "buy",
    "market": "KRW-BTC",
    "price": 155000000,
    "amount": 0.00006451612903225807,
    "timestamp": "2025-11-04T07:30:37.196Z",
    "source": "2025-11-04T04:11:22.166Z0.8309732129265126"
  },
  {
    "id": "2025-11-04T07:30:37.051Z0.7642735881234721",
    "type": "buy",
    "market": "KRW-BTC",
    "price": 155001000,
    "amount": 0.00006451571280185289,
    "timestamp": "2025-11-04T07:30:37.051Z",
    "source": "2025-11-04T04:11:22.166Z0.8309732129265126"
  },
  {
    "id": "2025-11-04T07:29:37.207Z0.786987625643434",
    "type": "buy",
    "market": "KRW-BTC",
    "price": 155012000,
    "amount": 0.00006451113462183573,
    "timestamp": "2025-11-04T07:29:37.207Z",
    "source": "2025-11-04T04:11:22.166Z0.8309732129265126"
  },
  {
    "id": "2025-11-04T07:29:37.070Z0.5147803394642234",
    "type": "buy",
    "market": "KRW-BTC",
    "price": 155014000,
    "amount": 0.00006451030229527656,
    "timestamp": "2025-11-04T07:29:37.070Z",
    "source": "2025-11-04T04:11:22.166Z0.8309732129265126"
  },
  {
    "id": "2025-11-04T07:28:37.188Z0.9826656338802524",
    "type": "buy",
    "market": "KRW-BTC",
    "price": 155110000,
    "amount": 0.00006447037586229128,
    "timestamp": "2025-11-04T07:28:37.188Z",
    "source": "2025-11-04T04:11:22.166Z0.8309732129265126"
  },
  {
    "id": "2025-11-04T07:28:37.050Z0.004037016941917604",
    "type": "buy",
    "market": "KRW-BTC",
    "price": 155110000,
    "amount": 0.00006447037586229128,
    "timestamp": "2025-11-04T07:28:37.050Z",
    "source": "2025-11-04T04:11:22.166Z0.8309732129265126"
  },
  {
    "id": "2025-11-04T07:27:37.196Z0.21366743246921005",
    "type": "buy",
    "market": "KRW-BTC",
    "price": 155265000,
    "amount": 0.00006440601552184974,
    "timestamp": "2025-11-04T07:27:37.196Z",
    "source": "2025-11-04T04:11:22.166Z0.8309732129265126"
  },
  {
    "id": "2025-11-04T07:27:37.050Z0.7671597784529987",
    "type": "buy",
    "market": "KRW-BTC",
    "price": 155279000,
    "amount": 0.00006440020865667605,
    "timestamp": "2025-11-04T07:27:37.050Z",
    "source": "2025-11-04T04:11:22.166Z0.8309732129265126"
  },
  {
    "id": "2025-11-04T07:26:37.192Z0.6543000000683785",
    "type": "buy",
    "market": "KRW-BTC",
    "price": 155317000,
    "amount": 0.00006438445244242421,
    "timestamp": "2025-11-04T07:26:37.192Z",
    "source": "2025-11-04T04:11:22.166Z0.8309732129265126"
  },
  {
    "id": "2025-11-04T07:26:37.052Z0.7666778572570182",
    "type": "buy",
    "market": "KRW-BTC",
    "price": 155322000,
    "amount": 0.00006438237983028805,
    "timestamp": "2025-11-04T07:26:37.052Z",
    "source": "2025-11-04T04:11:22.166Z0.8309732129265126"
  },
  {
    "id": "2025-11-04T07:25:37.186Z0.3312682250837492",
    "type": "buy",
    "market": "KRW-BTC",
    "price": 155279000,
    "amount": 0.00006440020865667605,
    "timestamp": "2025-11-04T07:25:37.186Z",
    "source": "2025-11-04T04:11:22.166Z0.8309732129265126"
  },
  {
    "id": "2025-11-04T07:25:37.046Z0.5672398257452176",
    "type": "buy",
    "market": "KRW-BTC",
    "price": 155279000,
    "amount": 0.00006440020865667605,
    "timestamp": "2025-11-04T07:25:37.046Z",
    "source": "2025-11-04T04:11:22.166Z0.8309732129265126"
  },
  {
    "id": "2025-11-04T07:24:37.188Z0.552787284434062",
    "type": "buy",
    "market": "KRW-BTC",
    "price": 155298000,
    "amount": 0.00006439232958569975,
    "timestamp": "2025-11-04T07:24:37.188Z",
    "source": "2025-11-04T04:11:22.166Z0.8309732129265126"
  },
  {
    "id": "2025-11-04T07:24:37.047Z0.5898116223245194",
    "type": "buy",
    "market": "KRW-BTC",
    "price": 155298000,
    "amount": 0.00006439232958569975,
    "timestamp": "2025-11-04T07:24:37.047Z",
    "source": "2025-11-04T04:11:22.166Z0.8309732129265126"
  },
  {
    "id": "2025-11-04T07:23:37.192Z0.8021585095670575",
    "type": "buy",
    "market": "KRW-BTC",
    "price": 155318000,
    "amount": 0.00006438403790932153,
    "timestamp": "2025-11-04T07:23:37.192Z",
    "source": "2025-11-04T04:11:22.166Z0.8309732129265126"
  },
  {
    "id": "2025-11-04T07:23:37.054Z0.14819789767280966",
    "type": "buy",
    "market": "KRW-BTC",
    "price": 155318000,
    "amount": 0.00006438403790932153,
    "timestamp": "2025-11-04T07:23:37.054Z",
    "source": "2025-11-04T04:11:22.166Z0.8309732129265126"
  },
  {
    "id": "2025-11-04T07:22:37.182Z0.6359322160120587",
    "type": "buy",
    "market": "KRW-BTC",
    "price": 155492000,
    "amount": 0.00006431199032747666,
    "timestamp": "2025-11-04T07:22:37.182Z",
    "source": "2025-11-04T04:11:22.166Z0.8309732129265126"
  },
  {
    "id": "2025-11-04T07:22:37.045Z0.5892291678430517",
    "type": "buy",
    "market": "KRW-BTC",
    "price": 155492000,
    "amount": 0.00006431199032747666,
    "timestamp": "2025-11-04T07:22:37.045Z",
    "source": "2025-11-04T04:11:22.166Z0.8309732129265126"
  },
  {
    "id": "2025-11-04T07:21:37.183Z0.15241783173935608",
    "type": "buy",
    "market": "KRW-BTC",
    "price": 155537000,
    "amount": 0.00006429338356789702,
    "timestamp": "2025-11-04T07:21:37.183Z",
    "source": "2025-11-04T04:11:22.166Z0.8309732129265126"
  },
  {
    "id": "2025-11-04T07:21:37.035Z0.1994239651265719",
    "type": "buy",
    "market": "KRW-BTC",
    "price": 155537000,
    "amount": 0.00006429338356789702,
    "timestamp": "2025-11-04T07:21:37.035Z",
    "source": "2025-11-04T04:11:22.166Z0.8309732129265126"
  },
  {
    "id": "2025-11-04T07:20:37.178Z0.39592616601464425",
    "type": "buy",
    "market": "KRW-BTC",
    "price": 155548000,
    "amount": 0.00006428883688636306,
    "timestamp": "2025-11-04T07:20:37.178Z",
    "source": "2025-11-04T04:11:22.166Z0.8309732129265126"
  },
  {
    "id": "2025-11-04T07:20:37.034Z0.18150067002580172",
    "type": "buy",
    "market": "KRW-BTC",
    "price": 155548000,
    "amount": 0.00006428883688636306,
    "timestamp": "2025-11-04T07:20:37.034Z",
    "source": "2025-11-04T04:11:22.166Z0.8309732129265126"
  },
  {
    "id": "2025-11-04T07:19:37.182Z0.17372653509469116",
    "type": "buy",
    "market": "KRW-BTC",
    "price": 155600000,
    "amount": 0.00006426735218508997,
    "timestamp": "2025-11-04T07:19:37.182Z",
    "source": "2025-11-04T04:11:22.166Z0.8309732129265126"
  },
  {
    "id": "2025-11-04T07:19:37.052Z0.9802961143479567",
    "type": "buy",
    "market": "KRW-BTC",
    "price": 155600000,
    "amount": 0.00006426735218508997,
    "timestamp": "2025-11-04T07:19:37.052Z",
    "source": "2025-11-04T04:11:22.166Z0.8309732129265126"
  },
  {
    "id": "2025-11-04T07:18:37.183Z0.10881638614706146",
    "type": "buy",
    "market": "KRW-BTC",
    "price": 155600000,
    "amount": 0.00006426735218508997,
    "timestamp": "2025-11-04T07:18:37.183Z",
    "source": "2025-11-04T04:11:22.166Z0.8309732129265126"
  },
  {
    "id": "2025-11-04T07:18:37.048Z0.19893299875282222",
    "type": "buy",
    "market": "KRW-BTC",
    "price": 155601000,
    "amount": 0.0000642669391584887,
    "timestamp": "2025-11-04T07:18:37.048Z",
    "source": "2025-11-04T04:11:22.166Z0.8309732129265126"
  },
  {
    "id": "2025-11-04T07:17:37.177Z0.15949320827710622",
    "type": "buy",
    "market": "KRW-BTC",
    "price": 155565000,
    "amount": 0.00006428181146144699,
    "timestamp": "2025-11-04T07:17:37.177Z",
    "source": "2025-11-04T04:11:22.166Z0.8309732129265126"
  },
  {
    "id": "2025-11-04T07:17:37.041Z0.9214955417372581",
    "type": "buy",
    "market": "KRW-BTC",
    "price": 155564000,
    "amount": 0.0000642822246792317,
    "timestamp": "2025-11-04T07:17:37.041Z",
    "source": "2025-11-04T04:11:22.166Z0.8309732129265126"
  },
  {
    "id": "2025-11-04T07:16:37.177Z0.7638895858421967",
    "type": "buy",
    "market": "KRW-BTC",
    "price": 155401000,
    "amount": 0.00006434965025965084,
    "timestamp": "2025-11-04T07:16:37.177Z",
    "source": "2025-11-04T04:11:22.166Z0.8309732129265126"
  },
  {
    "id": "2025-11-04T07:16:37.044Z0.9686976169281651",
    "type": "buy",
    "market": "KRW-BTC",
    "price": 155391000,
    "amount": 0.00006435379140362055,
    "timestamp": "2025-11-04T07:16:37.044Z",
    "source": "2025-11-04T04:11:22.166Z0.8309732129265126"
  },
  {
    "id": "2025-11-04T07:15:37.182Z0.4923657788506476",
    "type": "buy",
    "market": "KRW-BTC",
    "price": 155450000,
    "amount": 0.0000643293663557414,
    "timestamp": "2025-11-04T07:15:37.182Z",
    "source": "2025-11-04T04:11:22.166Z0.8309732129265126"
  },
  {
    "id": "2025-11-04T07:15:37.041Z0.11625256910248094",
    "type": "buy",
    "market": "KRW-BTC",
    "price": 155449000,
    "amount": 0.0000643297801851411,
    "timestamp": "2025-11-04T07:15:37.041Z",
    "source": "2025-11-04T04:11:22.166Z0.8309732129265126"
  },
  {
    "id": "2025-11-04T07:14:37.187Z0.6811466015661394",
    "type": "buy",
    "market": "KRW-BTC",
    "price": 155501000,
    "amount": 0.00006430826811403142,
    "timestamp": "2025-11-04T07:14:37.187Z",
    "source": "2025-11-04T04:11:22.166Z0.8309732129265126"
  },
  {
    "id": "2025-11-04T07:14:37.046Z0.10581275210039287",
    "type": "buy",
    "market": "KRW-BTC",
    "price": 155501000,
    "amount": 0.00006430826811403142,
    "timestamp": "2025-11-04T07:14:37.046Z",
    "source": "2025-11-04T04:11:22.166Z0.8309732129265126"
  },
  {
    "id": "2025-11-04T07:13:37.183Z0.380983370975957",
    "type": "buy",
    "market": "KRW-BTC",
    "price": 155530000,
    "amount": 0.00006429627724554748,
    "timestamp": "2025-11-04T07:13:37.183Z",
    "source": "2025-11-04T04:11:22.166Z0.8309732129265126"
  },
  {
    "id": "2025-11-04T07:13:37.050Z0.7831469502235529",
    "type": "buy",
    "market": "KRW-BTC",
    "price": 155530000,
    "amount": 0.00006429627724554748,
    "timestamp": "2025-11-04T07:13:37.050Z",
    "source": "2025-11-04T04:11:22.166Z0.8309732129265126"
  },
  {
    "id": "2025-11-04T07:12:37.159Z0.5571439723874895",
    "type": "buy",
    "market": "KRW-BTC",
    "price": 155650000,
    "amount": 0.00006424670735624799,
    "timestamp": "2025-11-04T07:12:37.159Z",
    "source": "2025-11-04T04:11:22.166Z0.8309732129265126"
  },
  {
    "id": "2025-11-04T07:12:37.032Z0.5128578215133586",
    "type": "buy",
    "market": "KRW-BTC",
    "price": 155650000,
    "amount": 0.00006424670735624799,
    "timestamp": "2025-11-04T07:12:37.032Z",
    "source": "2025-11-04T04:11:22.166Z0.8309732129265126"
  },
  {
    "id": "2025-11-04T07:11:37.175Z0.43607339919151433",
    "type": "buy",
    "market": "KRW-BTC",
    "price": 155700000,
    "amount": 0.00006422607578676943,
    "timestamp": "2025-11-04T07:11:37.175Z",
    "source": "2025-11-04T04:11:22.166Z0.8309732129265126"
  },
  {
    "id": "2025-11-04T07:11:37.044Z0.8343905118028366",
    "type": "buy",
    "market": "KRW-BTC",
    "price": 155698000,
    "amount": 0.00006422690079512903,
    "timestamp": "2025-11-04T07:11:37.044Z",
    "source": "2025-11-04T04:11:22.166Z0.8309732129265126"
  },
  {
    "id": "2025-11-04T07:10:37.175Z0.45384577803781756",
    "type": "buy",
    "market": "KRW-BTC",
    "price": 155786000,
    "amount": 0.00006419062046653744,
    "timestamp": "2025-11-04T07:10:37.175Z",
    "source": "2025-11-04T04:11:22.166Z0.8309732129265126"
  },
  {
    "id": "2025-11-04T07:10:37.047Z0.3029962984168112",
    "type": "buy",
    "market": "KRW-BTC",
    "price": 155786000,
    "amount": 0.00006419062046653744,
    "timestamp": "2025-11-04T07:10:37.047Z",
    "source": "2025-11-04T04:11:22.166Z0.8309732129265126"
  },
  {
    "id": "2025-11-04T07:09:37.167Z0.41679128201664617",
    "type": "buy",
    "market": "KRW-BTC",
    "price": 155789000,
    "amount": 0.0000641893843596146,
    "timestamp": "2025-11-04T07:09:37.167Z",
    "source": "2025-11-04T04:11:22.166Z0.8309732129265126"
  },
  {
    "id": "2025-11-04T07:09:37.041Z0.04447749337217877",
    "type": "buy",
    "market": "KRW-BTC",
    "price": 155789000,
    "amount": 0.0000641893843596146,
    "timestamp": "2025-11-04T07:09:37.041Z",
    "source": "2025-11-04T04:11:22.166Z0.8309732129265126"
  },
  {
    "id": "2025-11-04T07:08:37.091Z0.8088710380457895",
    "type": "buy",
    "market": "KRW-BTC",
    "price": 155860000,
    "amount": 0.00006416014371872192,
    "timestamp": "2025-11-04T07:08:37.091Z",
    "source": "2025-11-04T04:11:22.166Z0.8309732129265126"
  },
  {
    "id": "2025-11-04T07:08:37.043Z0.5225895010842669",
    "type": "buy",
    "market": "KRW-BTC",
    "price": 155860000,
    "amount": 0.00006416014371872192,
    "timestamp": "2025-11-04T07:08:37.043Z",
    "source": "2025-11-04T04:11:22.166Z0.8309732129265126"
  },
  {
    "id": "2025-11-04T07:07:37.067Z0.2707736420797917",
    "type": "buy",
    "market": "KRW-BTC",
    "price": 155859000,
    "amount": 0.00006416055537376732,
    "timestamp": "2025-11-04T07:07:37.067Z",
    "source": "2025-11-04T04:11:22.166Z0.8309732129265126"
  },
  {
    "id": "2025-11-04T07:07:37.033Z0.7213229123924816",
    "type": "buy",
    "market": "KRW-BTC",
    "price": 155859000,
    "amount": 0.00006416055537376732,
    "timestamp": "2025-11-04T07:07:37.033Z",
    "source": "2025-11-04T04:11:22.166Z0.8309732129265126"
  },
  {
    "id": "2025-11-04T07:06:37.160Z0.05208307832650072",
    "type": "buy",
    "market": "KRW-BTC",
    "price": 155863000,
    "amount": 0.00006415890878527938,
    "timestamp": "2025-11-04T07:06:37.160Z",
    "source": "2025-11-04T04:11:22.166Z0.8309732129265126"
  },
  {
    "id": "2025-11-04T07:06:37.035Z0.5731184842797612",
    "type": "buy",
    "market": "KRW-BTC",
    "price": 155863000,
    "amount": 0.00006415890878527938,
    "timestamp": "2025-11-04T07:06:37.035Z",
    "source": "2025-11-04T04:11:22.166Z0.8309732129265126"
  },
  {
    "id": "2025-11-04T07:05:37.146Z0.0973184759141833",
    "type": "buy",
    "market": "KRW-BTC",
    "price": 155778000,
    "amount": 0.00006419391698442656,
    "timestamp": "2025-11-04T07:05:37.146Z",
    "source": "2025-11-04T04:11:22.166Z0.8309732129265126"
  },
  {
    "id": "2025-11-04T07:05:37.022Z0.7774226884614948",
    "type": "buy",
    "market": "KRW-BTC",
    "price": 155778000,
    "amount": 0.00006419391698442656,
    "timestamp": "2025-11-04T07:05:37.022Z",
    "source": "2025-11-04T04:11:22.166Z0.8309732129265126"
  },
  {
    "id": "2025-11-04T07:04:37.153Z0.32910457195548637",
    "type": "buy",
    "market": "KRW-BTC",
    "price": 155882000,
    "amount": 0.00006415108864397428,
    "timestamp": "2025-11-04T07:04:37.153Z",
    "source": "2025-11-04T04:11:22.166Z0.8309732129265126"
  },
  {
    "id": "2025-11-04T07:04:37.028Z0.735524138864608",
    "type": "buy",
    "market": "KRW-BTC",
    "price": 155882000,
    "amount": 0.00006415108864397428,
    "timestamp": "2025-11-04T07:04:37.029Z",
    "source": "2025-11-04T04:11:22.166Z0.8309732129265126"
  },
  {
    "id": "2025-11-04T07:03:37.154Z0.8390339725538525",
    "type": "buy",
    "market": "KRW-BTC",
    "price": 155895000,
    "amount": 0.00006414573911927901,
    "timestamp": "2025-11-04T07:03:37.154Z",
    "source": "2025-11-04T04:11:22.166Z0.8309732129265126"
  },
  {
    "id": "2025-11-04T07:03:37.029Z0.7750607363015981",
    "type": "buy",
    "market": "KRW-BTC",
    "price": 155895000,
    "amount": 0.00006414573911927901,
    "timestamp": "2025-11-04T07:03:37.029Z",
    "source": "2025-11-04T04:11:22.166Z0.8309732129265126"
  },
  {
    "id": "2025-11-04T07:02:37.155Z0.03341570402655614",
    "type": "buy",
    "market": "KRW-BTC",
    "price": 156150000,
    "amount": 0.00006404098623118796,
    "timestamp": "2025-11-04T07:02:37.155Z",
    "source": "2025-11-04T04:11:22.166Z0.8309732129265126"
  },
  {
    "id": "2025-11-04T07:02:37.012Z0.49825540355231324",
    "type": "buy",
    "market": "KRW-BTC",
    "price": 156155000,
    "amount": 0.00006403893567288912,
    "timestamp": "2025-11-04T07:02:37.012Z",
    "source": "2025-11-04T04:11:22.166Z0.8309732129265126"
  },
  {
    "id": "2025-11-04T07:01:37.154Z0.2929018028548127",
    "type": "buy",
    "market": "KRW-BTC",
    "price": 156000000,
    "amount": 0.0000641025641025641,
    "timestamp": "2025-11-04T07:01:37.154Z",
    "source": "2025-11-04T04:11:22.166Z0.8309732129265126"
  },
  {
    "id": "2025-11-04T07:01:37.034Z0.46413938019331547",
    "type": "buy",
    "market": "KRW-BTC",
    "price": 156000000,
    "amount": 0.0000641025641025641,
    "timestamp": "2025-11-04T07:01:37.034Z",
    "source": "2025-11-04T04:11:22.166Z0.8309732129265126"
  },
  {
    "id": "2025-11-04T07:00:37.152Z0.3289174341019593",
    "type": "buy",
    "market": "KRW-BTC",
    "price": 155820000,
    "amount": 0.00006417661404184315,
    "timestamp": "2025-11-04T07:00:37.152Z",
    "source": "2025-11-04T04:11:22.166Z0.8309732129265126"
  },
  {
    "id": "2025-11-04T07:00:37.023Z0.45205010491262587",
    "type": "buy",
    "market": "KRW-BTC",
    "price": 155820000,
    "amount": 0.00006417661404184315,
    "timestamp": "2025-11-04T07:00:37.023Z",
    "source": "2025-11-04T04:11:22.166Z0.8309732129265126"
  },
  {
    "id": "2025-11-04T06:59:37.164Z0.3000004250870518",
    "type": "buy",
    "market": "KRW-BTC",
    "price": 155821000,
    "amount": 0.00006417620218070735,
    "timestamp": "2025-11-04T06:59:37.164Z",
    "source": "2025-11-04T04:11:22.166Z0.8309732129265126"
  },
  {
    "id": "2025-11-04T06:59:37.031Z0.12141520882877144",
    "type": "buy",
    "market": "KRW-BTC",
    "price": 155821000,
    "amount": 0.00006417620218070735,
    "timestamp": "2025-11-04T06:59:37.031Z",
    "source": "2025-11-04T04:11:22.166Z0.8309732129265126"
  },
  {
    "id": "2025-11-04T06:58:37.151Z0.6430343044520682",
    "type": "buy",
    "market": "KRW-BTC",
    "price": 155697000,
    "amount": 0.00006422731330725704,
    "timestamp": "2025-11-04T06:58:37.151Z",
    "source": "2025-11-04T04:11:22.166Z0.8309732129265126"
  },
  {
    "id": "2025-11-04T06:58:37.027Z0.172313384325109",
    "type": "buy",
    "market": "KRW-BTC",
    "price": 155698000,
    "amount": 0.00006422690079512903,
    "timestamp": "2025-11-04T06:58:37.027Z",
    "source": "2025-11-04T04:11:22.166Z0.8309732129265126"
  },
  {
    "id": "2025-11-04T06:57:37.154Z0.23987796182715904",
    "type": "buy",
    "market": "KRW-BTC",
    "price": 155696000,
    "amount": 0.000064227725824684,
    "timestamp": "2025-11-04T06:57:37.154Z",
    "source": "2025-11-04T04:11:22.166Z0.8309732129265126"
  },
  {
    "id": "2025-11-04T06:57:37.024Z0.4936416810315386",
    "type": "buy",
    "market": "KRW-BTC",
    "price": 155696000,
    "amount": 0.000064227725824684,
    "timestamp": "2025-11-04T06:57:37.024Z",
    "source": "2025-11-04T04:11:22.166Z0.8309732129265126"
  },
  {
    "id": "2025-11-04T06:56:37.141Z0.4521175645728285",
    "type": "buy",
    "market": "KRW-BTC",
    "price": 155659000,
    "amount": 0.00006424299269557173,
    "timestamp": "2025-11-04T06:56:37.141Z",
    "source": "2025-11-04T04:11:22.166Z0.8309732129265126"
  },
  {
    "id": "2025-11-04T06:56:37.015Z0.5004619607140623",
    "type": "buy",
    "market": "KRW-BTC",
    "price": 155699000,
    "amount": 0.00006422648828829987,
    "timestamp": "2025-11-04T06:56:37.015Z",
    "source": "2025-11-04T04:11:22.166Z0.8309732129265126"
  },
  {
    "id": "2025-11-04T06:55:37.144Z0.9659316751840088",
    "type": "buy",
    "market": "KRW-BTC",
    "price": 155710000,
    "amount": 0.00006422195106287329,
    "timestamp": "2025-11-04T06:55:37.144Z",
    "source": "2025-11-04T04:11:22.166Z0.8309732129265126"
  },
  {
    "id": "2025-11-04T06:55:37.015Z0.2589878706560411",
    "type": "buy",
    "market": "KRW-BTC",
    "price": 155710000,
    "amount": 0.00006422195106287329,
    "timestamp": "2025-11-04T06:55:37.015Z",
    "source": "2025-11-04T04:11:22.166Z0.8309732129265126"
  },
  {
    "id": "2025-11-04T06:54:37.153Z0.5957163397853742",
    "type": "buy",
    "market": "KRW-BTC",
    "price": 155767000,
    "amount": 0.00006419845024941098,
    "timestamp": "2025-11-04T06:54:37.153Z",
    "source": "2025-11-04T04:11:22.166Z0.8309732129265126"
  },
  {
    "id": "2025-11-04T06:54:37.019Z0.3888858963655538",
    "type": "buy",
    "market": "KRW-BTC",
    "price": 155767000,
    "amount": 0.00006419845024941098,
    "timestamp": "2025-11-04T06:54:37.019Z",
    "source": "2025-11-04T04:11:22.166Z0.8309732129265126"
  },
  {
    "id": "2025-11-04T06:53:37.134Z0.1309802970128523",
    "type": "buy",
    "market": "KRW-BTC",
    "price": 155768000,
    "amount": 0.00006419803810795541,
    "timestamp": "2025-11-04T06:53:37.134Z",
    "source": "2025-11-04T04:11:22.166Z0.8309732129265126"
  },
  {
    "id": "2025-11-04T06:53:37.021Z0.08367836490578617",
    "type": "buy",
    "market": "KRW-BTC",
    "price": 155768000,
    "amount": 0.00006419803810795541,
    "timestamp": "2025-11-04T06:53:37.021Z",
    "source": "2025-11-04T04:11:22.166Z0.8309732129265126"
  },
  {
    "id": "2025-11-04T06:52:37.120Z0.41759817501988894",
    "type": "buy",
    "market": "KRW-BTC",
    "price": 155764000,
    "amount": 0.00006419968670552888,
    "timestamp": "2025-11-04T06:52:37.120Z",
    "source": "2025-11-04T04:11:22.166Z0.8309732129265126"
  },
  {
    "id": "2025-11-04T06:52:37.007Z0.4995092578544974",
    "type": "buy",
    "market": "KRW-BTC",
    "price": 155764000,
    "amount": 0.00006419968670552888,
    "timestamp": "2025-11-04T06:52:37.007Z",
    "source": "2025-11-04T04:11:22.166Z0.8309732129265126"
  },
  {
    "id": "2025-11-04T06:51:37.128Z0.4431508139849599",
    "type": "buy",
    "market": "KRW-BTC",
    "price": 155768000,
    "amount": 0.00006419803810795541,
    "timestamp": "2025-11-04T06:51:37.128Z",
    "source": "2025-11-04T04:11:22.166Z0.8309732129265126"
  },
  {
    "id": "2025-11-04T06:51:37.014Z0.3356010813865663",
    "type": "buy",
    "market": "KRW-BTC",
    "price": 155768000,
    "amount": 0.00006419803810795541,
    "timestamp": "2025-11-04T06:51:37.014Z",
    "source": "2025-11-04T04:11:22.166Z0.8309732129265126"
  },
  {
    "id": "2025-11-04T06:50:37.132Z0.3212095891452482",
    "type": "buy",
    "market": "KRW-BTC",
    "price": 155669000,
    "amount": 0.00006423886579858546,
    "timestamp": "2025-11-04T06:50:37.132Z",
    "source": "2025-11-04T04:11:22.166Z0.8309732129265126"
  },
  {
    "id": "2025-11-04T06:50:37.011Z0.9270665352297222",
    "type": "buy",
    "market": "KRW-BTC",
    "price": 155669000,
    "amount": 0.00006423886579858546,
    "timestamp": "2025-11-04T06:50:37.011Z",
    "source": "2025-11-04T04:11:22.166Z0.8309732129265126"
  },
  {
    "id": "2025-11-04T06:49:37.147Z0.9186381837408782",
    "type": "buy",
    "market": "KRW-BTC",
    "price": 155658000,
    "amount": 0.0000642434054144342,
    "timestamp": "2025-11-04T06:49:37.147Z",
    "source": "2025-11-04T04:11:22.166Z0.8309732129265126"
  },
  {
    "id": "2025-11-04T06:49:37.007Z0.7792431044759683",
    "type": "buy",
    "market": "KRW-BTC",
    "price": 155658000,
    "amount": 0.0000642434054144342,
    "timestamp": "2025-11-04T06:49:37.007Z",
    "source": "2025-11-04T04:11:22.166Z0.8309732129265126"
  },
  {
    "id": "2025-11-04T06:48:37.129Z0.6966030591222743",
    "type": "buy",
    "market": "KRW-BTC",
    "price": 155607000,
    "amount": 0.00006426446111036135,
    "timestamp": "2025-11-04T06:48:37.129Z",
    "source": "2025-11-04T04:11:22.166Z0.8309732129265126"
  },
  {
    "id": "2025-11-04T06:48:36.998Z0.521564358834063",
    "type": "buy",
    "market": "KRW-BTC",
    "price": 155619000,
    "amount": 0.00006425950558736402,
    "timestamp": "2025-11-04T06:48:36.999Z",
    "source": "2025-11-04T04:11:22.166Z0.8309732129265126"
  },
  {
    "id": "2025-11-04T06:47:37.118Z0.7863337204204139",
    "type": "buy",
    "market": "KRW-BTC",
    "price": 155600000,
    "amount": 0.00006426735218508997,
    "timestamp": "2025-11-04T06:47:37.118Z",
    "source": "2025-11-04T04:11:22.166Z0.8309732129265126"
  },
  {
    "id": "2025-11-04T06:47:37.001Z0.7468552192069559",
    "type": "buy",
    "market": "KRW-BTC",
    "price": 155600000,
    "amount": 0.00006426735218508997,
    "timestamp": "2025-11-04T06:47:37.001Z",
    "source": "2025-11-04T04:11:22.166Z0.8309732129265126"
  },
  {
    "id": "2025-11-04T06:46:37.115Z0.1250886655570017",
    "type": "buy",
    "market": "KRW-BTC",
    "price": 155579000,
    "amount": 0.00006427602697022092,
    "timestamp": "2025-11-04T06:46:37.115Z",
    "source": "2025-11-04T04:11:22.166Z0.8309732129265126"
  },
  {
    "id": "2025-11-04T06:46:36.994Z0.20946866104122508",
    "type": "buy",
    "market": "KRW-BTC",
    "price": 155579000,
    "amount": 0.00006427602697022092,
    "timestamp": "2025-11-04T06:46:36.994Z",
    "source": "2025-11-04T04:11:22.166Z0.8309732129265126"
  },
  {
    "id": "2025-11-04T06:45:37.123Z0.8215248949238418",
    "type": "buy",
    "market": "KRW-BTC",
    "price": 155533000,
    "amount": 0.00006429503706608887,
    "timestamp": "2025-11-04T06:45:37.123Z",
    "source": "2025-11-04T04:11:22.166Z0.8309732129265126"
  },
  {
    "id": "2025-11-04T06:45:37.007Z0.607579418121242",
    "type": "buy",
    "market": "KRW-BTC",
    "price": 155533000,
    "amount": 0.00006429503706608887,
    "timestamp": "2025-11-04T06:45:37.007Z",
    "source": "2025-11-04T04:11:22.166Z0.8309732129265126"
  },
  {
    "id": "2025-11-04T06:44:37.117Z0.029349676701643457",
    "type": "buy",
    "market": "KRW-BTC",
    "price": 155579000,
    "amount": 0.00006427602697022092,
    "timestamp": "2025-11-04T06:44:37.117Z",
    "source": "2025-11-04T04:11:22.166Z0.8309732129265126"
  },
  {
    "id": "2025-11-04T06:44:36.998Z0.05200128971835427",
    "type": "buy",
    "market": "KRW-BTC",
    "price": 155595000,
    "amount": 0.00006426941739773129,
    "timestamp": "2025-11-04T06:44:36.999Z",
    "source": "2025-11-04T04:11:22.166Z0.8309732129265126"
  },
  {
    "id": "2025-11-04T06:43:37.118Z0.8907243955193652",
    "type": "buy",
    "market": "KRW-BTC",
    "price": 155618000,
    "amount": 0.00006425991851842332,
    "timestamp": "2025-11-04T06:43:37.118Z",
    "source": "2025-11-04T04:11:22.166Z0.8309732129265126"
  },
  {
    "id": "2025-11-04T06:43:36.999Z0.523697887667702",
    "type": "buy",
    "market": "KRW-BTC",
    "price": 155618000,
    "amount": 0.00006425991851842332,
    "timestamp": "2025-11-04T06:43:36.999Z",
    "source": "2025-11-04T04:11:22.166Z0.8309732129265126"
  },
  {
    "id": "2025-11-04T06:42:37.114Z0.05605697341687721",
    "type": "buy",
    "market": "KRW-BTC",
    "price": 155657000,
    "amount": 0.00006424381813859961,
    "timestamp": "2025-11-04T06:42:37.114Z",
    "source": "2025-11-04T04:11:22.166Z0.8309732129265126"
  },
  {
    "id": "2025-11-04T06:42:36.993Z0.4847069301926654",
    "type": "buy",
    "market": "KRW-BTC",
    "price": 155657000,
    "amount": 0.00006424381813859961,
    "timestamp": "2025-11-04T06:42:36.993Z",
    "source": "2025-11-04T04:11:22.166Z0.8309732129265126"
  },
  {
    "id": "2025-11-04T06:41:37.043Z0.5450573153188247",
    "type": "buy",
    "market": "KRW-BTC",
    "price": 155668000,
    "amount": 0.00006423927846442428,
    "timestamp": "2025-11-04T06:41:37.043Z",
    "source": "2025-11-04T04:11:22.166Z0.8309732129265126"
  },
  {
    "id": "2025-11-04T06:41:37.001Z0.5984507145024442",
    "type": "buy",
    "market": "KRW-BTC",
    "price": 155668000,
    "amount": 0.00006423927846442428,
    "timestamp": "2025-11-04T06:41:37.001Z",
    "source": "2025-11-04T04:11:22.166Z0.8309732129265126"
  },
  {
    "id": "2025-11-04T06:40:37.105Z0.2085277936978187",
    "type": "buy",
    "market": "KRW-BTC",
    "price": 155710000,
    "amount": 0.00006422195106287329,
    "timestamp": "2025-11-04T06:40:37.105Z",
    "source": "2025-11-04T04:11:22.166Z0.8309732129265126"
  },
  {
    "id": "2025-11-04T06:40:36.988Z0.8742877910665198",
    "type": "buy",
    "market": "KRW-BTC",
    "price": 155710000,
    "amount": 0.00006422195106287329,
    "timestamp": "2025-11-04T06:40:36.988Z",
    "source": "2025-11-04T04:11:22.166Z0.8309732129265126"
  },
  {
    "id": "2025-11-04T06:39:37.103Z0.00655667490877665",
    "type": "buy",
    "market": "KRW-BTC",
    "price": 155760000,
    "amount": 0.00006420133538777607,
    "timestamp": "2025-11-04T06:39:37.103Z",
    "source": "2025-11-04T04:11:22.166Z0.8309732129265126"
  },
  {
    "id": "2025-11-04T06:39:36.978Z0.31461838127326514",
    "type": "buy",
    "market": "KRW-BTC",
    "price": 155750000,
    "amount": 0.00006420545746388443,
    "timestamp": "2025-11-04T06:39:36.978Z",
    "source": "2025-11-04T04:11:22.166Z0.8309732129265126"
  },
  {
    "id": "2025-11-04T06:38:37.103Z0.19142968825394147",
    "type": "buy",
    "market": "KRW-BTC",
    "price": 155801000,
    "amount": 0.0000641844404079563,
    "timestamp": "2025-11-04T06:38:37.103Z",
    "source": "2025-11-04T04:11:22.166Z0.8309732129265126"
  },
  {
    "id": "2025-11-04T06:38:36.984Z0.1432851042356812",
    "type": "buy",
    "market": "KRW-BTC",
    "price": 155801000,
    "amount": 0.0000641844404079563,
    "timestamp": "2025-11-04T06:38:36.984Z",
    "source": "2025-11-04T04:11:22.166Z0.8309732129265126"
  },
  {
    "id": "2025-11-04T06:37:37.106Z0.5348485186369523",
    "type": "buy",
    "market": "KRW-BTC",
    "price": 155918000,
    "amount": 0.00006413627676086147,
    "timestamp": "2025-11-04T06:37:37.106Z",
    "source": "2025-11-04T04:11:22.166Z0.8309732129265126"
  },
  {
    "id": "2025-11-04T06:37:36.996Z0.24262656370168822",
    "type": "buy",
    "market": "KRW-BTC",
    "price": 155915000,
    "amount": 0.00006413751082320496,
    "timestamp": "2025-11-04T06:37:36.996Z",
    "source": "2025-11-04T04:11:22.166Z0.8309732129265126"
  },
  {
    "id": "2025-11-04T06:36:37.100Z0.2230394085278875",
    "type": "buy",
    "market": "KRW-BTC",
    "price": 155950000,
    "amount": 0.00006412311638345624,
    "timestamp": "2025-11-04T06:36:37.100Z",
    "source": "2025-11-04T04:11:22.166Z0.8309732129265126"
  },
  {
    "id": "2025-11-04T06:36:36.973Z0.14495083855564095",
    "type": "buy",
    "market": "KRW-BTC",
    "price": 155875000,
    "amount": 0.00006415396952686448,
    "timestamp": "2025-11-04T06:36:36.973Z",
    "source": "2025-11-04T04:11:22.166Z0.8309732129265126"
  },
  {
    "id": "2025-11-04T06:35:37.097Z0.2135955580696528",
    "type": "buy",
    "market": "KRW-BTC",
    "price": 156095000,
    "amount": 0.00006406355104263429,
    "timestamp": "2025-11-04T06:35:37.097Z",
    "source": "2025-11-04T04:11:22.166Z0.8309732129265126"
  },
  {
    "id": "2025-11-04T06:35:36.982Z0.8133979810078421",
    "type": "buy",
    "market": "KRW-BTC",
    "price": 156095000,
    "amount": 0.00006406355104263429,
    "timestamp": "2025-11-04T06:35:36.982Z",
    "source": "2025-11-04T04:11:22.166Z0.8309732129265126"
  },
  {
    "id": "2025-11-04T06:34:37.095Z0.5572770675661289",
    "type": "buy",
    "market": "KRW-BTC",
    "price": 156224000,
    "amount": 0.00006401065137238837,
    "timestamp": "2025-11-04T06:34:37.095Z",
    "source": "2025-11-04T04:11:22.166Z0.8309732129265126"
  },
  {
    "id": "2025-11-04T06:34:36.980Z0.5667220134745576",
    "type": "buy",
    "market": "KRW-BTC",
    "price": 156224000,
    "amount": 0.00006401065137238837,
    "timestamp": "2025-11-04T06:34:36.980Z",
    "source": "2025-11-04T04:11:22.166Z0.8309732129265126"
  },
  {
    "id": "2025-11-04T06:33:37.099Z0.7568017858238775",
    "type": "buy",
    "market": "KRW-BTC",
    "price": 156320000,
    "amount": 0.00006397134083930399,
    "timestamp": "2025-11-04T06:33:37.099Z",
    "source": "2025-11-04T04:11:22.166Z0.8309732129265126"
  },
  {
    "id": "2025-11-04T06:33:36.978Z0.5011693213936755",
    "type": "buy",
    "market": "KRW-BTC",
    "price": 156321000,
    "amount": 0.00006397093160867701,
    "timestamp": "2025-11-04T06:33:36.978Z",
    "source": "2025-11-04T04:11:22.166Z0.8309732129265126"
  },
  {
    "id": "2025-11-04T06:32:37.086Z0.7583654228788631",
    "type": "buy",
    "market": "KRW-BTC",
    "price": 156205000,
    "amount": 0.00006401843730994526,
    "timestamp": "2025-11-04T06:32:37.086Z",
    "source": "2025-11-04T04:11:22.166Z0.8309732129265126"
  },
  {
    "id": "2025-11-04T06:32:36.980Z0.7225777002496065",
    "type": "buy",
    "market": "KRW-BTC",
    "price": 156205000,
    "amount": 0.00006401843730994526,
    "timestamp": "2025-11-04T06:32:36.980Z",
    "source": "2025-11-04T04:11:22.166Z0.8309732129265126"
  },
  {
    "id": "2025-11-04T06:31:37.079Z0.22671404977405973",
    "type": "buy",
    "market": "KRW-BTC",
    "price": 156267000,
    "amount": 0.00006399303755751375,
    "timestamp": "2025-11-04T06:31:37.079Z",
    "source": "2025-11-04T04:11:22.166Z0.8309732129265126"
  },
  {
    "id": "2025-11-04T06:31:36.975Z0.5674044888900458",
    "type": "buy",
    "market": "KRW-BTC",
    "price": 156267000,
    "amount": 0.00006399303755751375,
    "timestamp": "2025-11-04T06:31:36.975Z",
    "source": "2025-11-04T04:11:22.166Z0.8309732129265126"
  },
  {
    "id": "2025-11-04T06:30:37.085Z0.8823526328904275",
    "type": "buy",
    "market": "KRW-BTC",
    "price": 156408000,
    "amount": 0.00006393534857552043,
    "timestamp": "2025-11-04T06:30:37.085Z",
    "source": "2025-11-04T04:11:22.166Z0.8309732129265126"
  },
  {
    "id": "2025-11-04T06:30:36.967Z0.6448044159045413",
    "type": "buy",
    "market": "KRW-BTC",
    "price": 156409000,
    "amount": 0.00006393493980525417,
    "timestamp": "2025-11-04T06:30:36.967Z",
    "source": "2025-11-04T04:11:22.166Z0.8309732129265126"
  },
  {
    "id": "2025-11-04T06:29:37.084Z0.11753096558909981",
    "type": "buy",
    "market": "KRW-BTC",
    "price": 156456000,
    "amount": 0.00006391573349695762,
    "timestamp": "2025-11-04T06:29:37.084Z",
    "source": "2025-11-04T04:11:22.166Z0.8309732129265126"
  },
  {
    "id": "2025-11-04T06:29:36.976Z0.751329824516062",
    "type": "buy",
    "market": "KRW-BTC",
    "price": 156456000,
    "amount": 0.00006391573349695762,
    "timestamp": "2025-11-04T06:29:36.976Z",
    "source": "2025-11-04T04:11:22.166Z0.8309732129265126"
  },
  {
    "id": "2025-11-04T06:28:37.082Z0.9257474333598564",
    "type": "buy",
    "market": "KRW-BTC",
    "price": 156388000,
    "amount": 0.00006394352507865053,
    "timestamp": "2025-11-04T06:28:37.082Z",
    "source": "2025-11-04T04:11:22.166Z0.8309732129265126"
  },
  {
    "id": "2025-11-04T06:28:36.974Z0.3000122118408911",
    "type": "buy",
    "market": "KRW-BTC",
    "price": 156368000,
    "amount": 0.00006395170367338586,
    "timestamp": "2025-11-04T06:28:36.974Z",
    "source": "2025-11-04T04:11:22.166Z0.8309732129265126"
  },
  {
    "id": "2025-11-04T06:27:37.071Z0.9507059663622756",
    "type": "buy",
    "market": "KRW-BTC",
    "price": 156174000,
    "amount": 0.00006403114474880582,
    "timestamp": "2025-11-04T06:27:37.071Z",
    "source": "2025-11-04T04:11:22.166Z0.8309732129265126"
  },
  {
    "id": "2025-11-04T06:27:36.967Z0.4083909172025265",
    "type": "buy",
    "market": "KRW-BTC",
    "price": 156174000,
    "amount": 0.00006403114474880582,
    "timestamp": "2025-11-04T06:27:36.967Z",
    "source": "2025-11-04T04:11:22.166Z0.8309732129265126"
  },
  {
    "id": "2025-11-04T06:26:37.068Z0.2157705812296037",
    "type": "buy",
    "market": "KRW-BTC",
    "price": 156177000,
    "amount": 0.00006402991477618344,
    "timestamp": "2025-11-04T06:26:37.068Z",
    "source": "2025-11-04T04:11:22.166Z0.8309732129265126"
  },
  {
    "id": "2025-11-04T06:26:36.955Z0.059078892613341316",
    "type": "buy",
    "market": "KRW-BTC",
    "price": 156177000,
    "amount": 0.00006402991477618344,
    "timestamp": "2025-11-04T06:26:36.955Z",
    "source": "2025-11-04T04:11:22.166Z0.8309732129265126"
  },
  {
    "id": "2025-11-04T06:25:37.083Z0.9171745589059505",
    "type": "buy",
    "market": "KRW-BTC",
    "price": 156193000,
    "amount": 0.00006402335572016672,
    "timestamp": "2025-11-04T06:25:37.083Z",
    "source": "2025-11-04T04:11:22.166Z0.8309732129265126"
  },
  {
    "id": "2025-11-04T06:25:36.960Z0.3046925907093718",
    "type": "buy",
    "market": "KRW-BTC",
    "price": 156193000,
    "amount": 0.00006402335572016672,
    "timestamp": "2025-11-04T06:25:36.960Z",
    "source": "2025-11-04T04:11:22.166Z0.8309732129265126"
  },
  {
    "id": "2025-11-04T06:24:37.070Z0.4505470512514591",
    "type": "buy",
    "market": "KRW-BTC",
    "price": 156199000,
    "amount": 0.00006402089642059169,
    "timestamp": "2025-11-04T06:24:37.070Z",
    "source": "2025-11-04T04:11:22.166Z0.8309732129265126"
  },
  {
    "id": "2025-11-04T06:24:36.969Z0.5366244124625223",
    "type": "buy",
    "market": "KRW-BTC",
    "price": 156199000,
    "amount": 0.00006402089642059169,
    "timestamp": "2025-11-04T06:24:36.969Z",
    "source": "2025-11-04T04:11:22.166Z0.8309732129265126"
  },
  {
    "id": "2025-11-04T06:23:37.066Z0.3867317488188249",
    "type": "buy",
    "market": "KRW-BTC",
    "price": 156403000,
    "amount": 0.00006393739250525885,
    "timestamp": "2025-11-04T06:23:37.066Z",
    "source": "2025-11-04T04:11:22.166Z0.8309732129265126"
  },
  {
    "id": "2025-11-04T06:23:36.952Z0.23634735310082422",
    "type": "buy",
    "market": "KRW-BTC",
    "price": 156366000,
    "amount": 0.00006395252164792858,
    "timestamp": "2025-11-04T06:23:36.952Z",
    "source": "2025-11-04T04:11:22.166Z0.8309732129265126"
  },
  {
    "id": "2025-11-04T06:22:37.069Z0.33303197537659845",
    "type": "buy",
    "market": "KRW-BTC",
    "price": 156500000,
    "amount": 0.00006389776357827476,
    "timestamp": "2025-11-04T06:22:37.069Z",
    "source": "2025-11-04T04:11:22.166Z0.8309732129265126"
  },
  {
    "id": "2025-11-04T06:22:36.962Z0.1475959092239706",
    "type": "buy",
    "market": "KRW-BTC",
    "price": 156500000,
    "amount": 0.00006389776357827476,
    "timestamp": "2025-11-04T06:22:36.962Z",
    "source": "2025-11-04T04:11:22.166Z0.8309732129265126"
  },
  {
    "id": "2025-11-04T06:21:37.057Z0.7574594549799667",
    "type": "buy",
    "market": "KRW-BTC",
    "price": 156600000,
    "amount": 0.00006385696040868455,
    "timestamp": "2025-11-04T06:21:37.057Z",
    "source": "2025-11-04T04:11:22.166Z0.8309732129265126"
  },
  {
    "id": "2025-11-04T06:21:36.954Z0.8659970801372391",
    "type": "buy",
    "market": "KRW-BTC",
    "price": 156600000,
    "amount": 0.00006385696040868455,
    "timestamp": "2025-11-04T06:21:36.954Z",
    "source": "2025-11-04T04:11:22.166Z0.8309732129265126"
  },
  {
    "id": "2025-11-04T06:20:37.058Z0.42893724598363037",
    "type": "buy",
    "market": "KRW-BTC",
    "price": 156424000,
    "amount": 0.00006392880887843297,
    "timestamp": "2025-11-04T06:20:37.058Z",
    "source": "2025-11-04T04:11:22.166Z0.8309732129265126"
  },
  {
    "id": "2025-11-04T06:20:36.953Z0.7214389354722931",
    "type": "buy",
    "market": "KRW-BTC",
    "price": 156439000,
    "amount": 0.00006392267912732758,
    "timestamp": "2025-11-04T06:20:36.953Z",
    "source": "2025-11-04T04:11:22.166Z0.8309732129265126"
  },
  {
    "id": "2025-11-04T06:19:37.061Z0.7372201396034472",
    "type": "buy",
    "market": "KRW-BTC",
    "price": 156520000,
    "amount": 0.0000638895987733197,
    "timestamp": "2025-11-04T06:19:37.061Z",
    "source": "2025-11-04T04:11:22.166Z0.8309732129265126"
  },
  {
    "id": "2025-11-04T06:19:36.954Z0.41014428540936454",
    "type": "buy",
    "market": "KRW-BTC",
    "price": 156520000,
    "amount": 0.0000638895987733197,
    "timestamp": "2025-11-04T06:19:36.954Z",
    "source": "2025-11-04T04:11:22.166Z0.8309732129265126"
  },
  {
    "id": "2025-11-04T06:18:37.057Z0.08793905864324669",
    "type": "buy",
    "market": "KRW-BTC",
    "price": 156837000,
    "amount": 0.00006376046468626664,
    "timestamp": "2025-11-04T06:18:37.057Z",
    "source": "2025-11-04T04:11:22.166Z0.8309732129265126"
  },
  {
    "id": "2025-11-04T06:18:36.939Z0.860363152599005",
    "type": "buy",
    "market": "KRW-BTC",
    "price": 156838000,
    "amount": 0.00006376005814917303,
    "timestamp": "2025-11-04T06:18:36.939Z",
    "source": "2025-11-04T04:11:22.166Z0.8309732129265126"
  },
  {
    "id": "2025-11-04T06:17:37.059Z0.5027956278274281",
    "type": "buy",
    "market": "KRW-BTC",
    "price": 156747000,
    "amount": 0.00006379707426617416,
    "timestamp": "2025-11-04T06:17:37.059Z",
    "source": "2025-11-04T04:11:22.166Z0.8309732129265126"
  },
  {
    "id": "2025-11-04T06:17:36.949Z0.39642010211694156",
    "type": "buy",
    "market": "KRW-BTC",
    "price": 156747000,
    "amount": 0.00006379707426617416,
    "timestamp": "2025-11-04T06:17:36.949Z",
    "source": "2025-11-04T04:11:22.166Z0.8309732129265126"
  },
  {
    "id": "2025-11-04T06:16:37.044Z0.5342875238796595",
    "type": "buy",
    "market": "KRW-BTC",
    "price": 156699000,
    "amount": 0.00006381661657062266,
    "timestamp": "2025-11-04T06:16:37.044Z",
    "source": "2025-11-04T04:11:22.166Z0.8309732129265126"
  },
  {
    "id": "2025-11-04T06:16:36.924Z0.2293145973139784",
    "type": "buy",
    "market": "KRW-BTC",
    "price": 156699000,
    "amount": 0.00006381661657062266,
    "timestamp": "2025-11-04T06:16:36.924Z",
    "source": "2025-11-04T04:11:22.166Z0.8309732129265126"
  },
  {
    "id": "2025-11-04T06:15:37.029Z0.16674704334846924",
    "type": "buy",
    "market": "KRW-BTC",
    "price": 156499000,
    "amount": 0.0000638981718733027,
    "timestamp": "2025-11-04T06:15:37.029Z",
    "source": "2025-11-04T04:11:22.166Z0.8309732129265126"
  },
  {
    "id": "2025-11-04T06:15:36.929Z0.3276549445407074",
    "type": "buy",
    "market": "KRW-BTC",
    "price": 156499000,
    "amount": 0.0000638981718733027,
    "timestamp": "2025-11-04T06:15:36.929Z",
    "source": "2025-11-04T04:11:22.166Z0.8309732129265126"
  },
  {
    "id": "2025-11-04T06:14:37.038Z0.928710297782998",
    "type": "buy",
    "market": "KRW-BTC",
    "price": 156286000,
    "amount": 0.00006398525779660366,
    "timestamp": "2025-11-04T06:14:37.038Z",
    "source": "2025-11-04T04:11:22.166Z0.8309732129265126"
  },
  {
    "id": "2025-11-04T06:14:36.928Z0.3663480259577805",
    "type": "buy",
    "market": "KRW-BTC",
    "price": 156248000,
    "amount": 0.00006400081921048589,
    "timestamp": "2025-11-04T06:14:36.928Z",
    "source": "2025-11-04T04:11:22.166Z0.8309732129265126"
  },
  {
    "id": "2025-11-04T06:13:37.026Z0.07130351680691671",
    "type": "buy",
    "market": "KRW-BTC",
    "price": 156144000,
    "amount": 0.00006404344707449534,
    "timestamp": "2025-11-04T06:13:37.026Z",
    "source": "2025-11-04T04:11:22.166Z0.8309732129265126"
  },
  {
    "id": "2025-11-04T06:13:36.920Z0.7058251202914554",
    "type": "buy",
    "market": "KRW-BTC",
    "price": 156144000,
    "amount": 0.00006404344707449534,
    "timestamp": "2025-11-04T06:13:36.920Z",
    "source": "2025-11-04T04:11:22.166Z0.8309732129265126"
  },
  {
    "id": "2025-11-04T06:12:37.027Z0.9006870011522286",
    "type": "buy",
    "market": "KRW-BTC",
    "price": 155987000,
    "amount": 0.00006410790642809978,
    "timestamp": "2025-11-04T06:12:37.027Z",
    "source": "2025-11-04T04:11:22.166Z0.8309732129265126"
  },
  {
    "id": "2025-11-04T06:12:36.928Z0.07054985142943693",
    "type": "buy",
    "market": "KRW-BTC",
    "price": 155987000,
    "amount": 0.00006410790642809978,
    "timestamp": "2025-11-04T06:12:36.928Z",
    "source": "2025-11-04T04:11:22.166Z0.8309732129265126"
  },
  {
    "id": "2025-11-04T06:11:37.036Z0.853215180338219",
    "type": "buy",
    "market": "KRW-BTC",
    "price": 156011000,
    "amount": 0.00006409804436866632,
    "timestamp": "2025-11-04T06:11:37.036Z",
    "source": "2025-11-04T04:11:22.166Z0.8309732129265126"
  },
  {
    "id": "2025-11-04T06:11:36.930Z0.7664114765262058",
    "type": "buy",
    "market": "KRW-BTC",
    "price": 156011000,
    "amount": 0.00006409804436866632,
    "timestamp": "2025-11-04T06:11:36.930Z",
    "source": "2025-11-04T04:11:22.166Z0.8309732129265126"
  },
  {
    "id": "2025-11-04T06:10:37.020Z0.7285245834834134",
    "type": "buy",
    "market": "KRW-BTC",
    "price": 156000000,
    "amount": 0.0000641025641025641,
    "timestamp": "2025-11-04T06:10:37.020Z",
    "source": "2025-11-04T04:11:22.166Z0.8309732129265126"
  },
  {
    "id": "2025-11-04T06:10:36.910Z0.8870615449418973",
    "type": "buy",
    "market": "KRW-BTC",
    "price": 156000000,
    "amount": 0.0000641025641025641,
    "timestamp": "2025-11-04T06:10:36.910Z",
    "source": "2025-11-04T04:11:22.166Z0.8309732129265126"
  },
  {
    "id": "2025-11-04T06:09:37.019Z0.49861098011712157",
    "type": "buy",
    "market": "KRW-BTC",
    "price": 155870000,
    "amount": 0.00006415602745877976,
    "timestamp": "2025-11-04T06:09:37.019Z",
    "source": "2025-11-04T04:11:22.166Z0.8309732129265126"
  },
  {
    "id": "2025-11-04T06:09:36.914Z0.055586837694104996",
    "type": "buy",
    "market": "KRW-BTC",
    "price": 155870000,
    "amount": 0.00006415602745877976,
    "timestamp": "2025-11-04T06:09:36.914Z",
    "source": "2025-11-04T04:11:22.166Z0.8309732129265126"
  },
  {
    "id": "2025-11-04T06:08:37.016Z0.49655109458433333",
    "type": "buy",
    "market": "KRW-BTC",
    "price": 156041000,
    "amount": 0.00006408572106049051,
    "timestamp": "2025-11-04T06:08:37.016Z",
    "source": "2025-11-04T04:11:22.166Z0.8309732129265126"
  },
  {
    "id": "2025-11-04T06:08:36.907Z0.2572467608089558",
    "type": "buy",
    "market": "KRW-BTC",
    "price": 156040000,
    "amount": 0.0000640861317610869,
    "timestamp": "2025-11-04T06:08:36.907Z",
    "source": "2025-11-04T04:11:22.166Z0.8309732129265126"
  },
  {
    "id": "2025-11-04T06:07:37.011Z0.26079147326327556",
    "type": "buy",
    "market": "KRW-BTC",
    "price": 156200000,
    "amount": 0.00006402048655569782,
    "timestamp": "2025-11-04T06:07:37.011Z",
    "source": "2025-11-04T04:11:22.166Z0.8309732129265126"
  },
  {
    "id": "2025-11-04T06:07:36.915Z0.24730658763402846",
    "type": "buy",
    "market": "KRW-BTC",
    "price": 156200000,
    "amount": 0.00006402048655569782,
    "timestamp": "2025-11-04T06:07:36.915Z",
    "source": "2025-11-04T04:11:22.166Z0.8309732129265126"
  },
  {
    "id": "2025-11-04T06:06:37.010Z0.05399660765703118",
    "type": "buy",
    "market": "KRW-BTC",
    "price": 156159000,
    "amount": 0.00006403729532079483,
    "timestamp": "2025-11-04T06:06:37.010Z",
    "source": "2025-11-04T04:11:22.166Z0.8309732129265126"
  },
  {
    "id": "2025-11-04T06:06:36.903Z0.21242157055462163",
    "type": "buy",
    "market": "KRW-BTC",
    "price": 156210000,
    "amount": 0.00006401638819537802,
    "timestamp": "2025-11-04T06:06:36.903Z",
    "source": "2025-11-04T04:11:22.166Z0.8309732129265126"
  },
  {
    "id": "2025-11-04T06:05:37.000Z0.391822669658036",
    "type": "buy",
    "market": "KRW-BTC",
    "price": 156626000,
    "amount": 0.00006384636011900962,
    "timestamp": "2025-11-04T06:05:37.000Z",
    "source": "2025-11-04T04:11:22.166Z0.8309732129265126"
  },
  {
    "id": "2025-11-04T06:05:36.904Z0.10572238135279355",
    "type": "buy",
    "market": "KRW-BTC",
    "price": 156600000,
    "amount": 0.00006385696040868455,
    "timestamp": "2025-11-04T06:05:36.904Z",
    "source": "2025-11-04T04:11:22.166Z0.8309732129265126"
  },
  {
    "id": "2025-11-04T06:04:36.992Z0.7162959527303824",
    "type": "buy",
    "market": "KRW-BTC",
    "price": 156722000,
    "amount": 0.00006380725105601,
    "timestamp": "2025-11-04T06:04:36.992Z",
    "source": "2025-11-04T04:11:22.166Z0.8309732129265126"
  },
  {
    "id": "2025-11-04T06:04:36.894Z0.19289015034984125",
    "type": "buy",
    "market": "KRW-BTC",
    "price": 156722000,
    "amount": 0.00006380725105601,
    "timestamp": "2025-11-04T06:04:36.894Z",
    "source": "2025-11-04T04:11:22.166Z0.8309732129265126"
  },
  {
    "id": "2025-11-04T06:03:36.991Z0.4517182089077383",
    "type": "buy",
    "market": "KRW-BTC",
    "price": 156500000,
    "amount": 0.00006389776357827476,
    "timestamp": "2025-11-04T06:03:36.991Z",
    "source": "2025-11-04T04:11:22.166Z0.8309732129265126"
  },
  {
    "id": "2025-11-04T06:03:36.897Z0.5995794204301325",
    "type": "buy",
    "market": "KRW-BTC",
    "price": 156500000,
    "amount": 0.00006389776357827476,
    "timestamp": "2025-11-04T06:03:36.897Z",
    "source": "2025-11-04T04:11:22.166Z0.8309732129265126"
  },
  {
    "id": "2025-11-04T06:02:36.984Z0.07030645410971303",
    "type": "buy",
    "market": "KRW-BTC",
    "price": 156452000,
    "amount": 0.00006391736762713165,
    "timestamp": "2025-11-04T06:02:36.984Z",
    "source": "2025-11-04T04:11:22.166Z0.8309732129265126"
  },
  {
    "id": "2025-11-04T06:02:36.893Z0.19355128923382414",
    "type": "buy",
    "market": "KRW-BTC",
    "price": 156452000,
    "amount": 0.00006391736762713165,
    "timestamp": "2025-11-04T06:02:36.893Z",
    "source": "2025-11-04T04:11:22.166Z0.8309732129265126"
  },
  {
    "id": "2025-11-04T06:01:36.993Z0.41014956180792606",
    "type": "buy",
    "market": "KRW-BTC",
    "price": 155965000,
    "amount": 0.00006411694931555156,
    "timestamp": "2025-11-04T06:01:36.993Z",
    "source": "2025-11-04T04:11:22.166Z0.8309732129265126"
  },
  {
    "id": "2025-11-04T06:01:36.898Z0.7416786271175354",
    "type": "buy",
    "market": "KRW-BTC",
    "price": 155963000,
    "amount": 0.00006411777152273296,
    "timestamp": "2025-11-04T06:01:36.898Z",
    "source": "2025-11-04T04:11:22.166Z0.8309732129265126"
  },
  {
    "id": "2025-11-04T06:00:36.981Z0.18784966453641982",
    "type": "buy",
    "market": "KRW-BTC",
    "price": 155892000,
    "amount": 0.00006414697354578811,
    "timestamp": "2025-11-04T06:00:36.981Z",
    "source": "2025-11-04T04:11:22.166Z0.8309732129265126"
  },
  {
    "id": "2025-11-04T06:00:36.887Z0.8047851420580231",
    "type": "buy",
    "market": "KRW-BTC",
    "price": 155892000,
    "amount": 0.00006414697354578811,
    "timestamp": "2025-11-04T06:00:36.887Z",
    "source": "2025-11-04T04:11:22.166Z0.8309732129265126"
  },
  {
    "id": "2025-11-04T05:59:36.983Z0.8000376046082148",
    "type": "buy",
    "market": "KRW-BTC",
    "price": 155909000,
    "amount": 0.00006413997909036682,
    "timestamp": "2025-11-04T05:59:36.983Z",
    "source": "2025-11-04T04:11:22.166Z0.8309732129265126"
  },
  {
    "id": "2025-11-04T05:59:36.881Z0.08765202430972485",
    "type": "buy",
    "market": "KRW-BTC",
    "price": 155906000,
    "amount": 0.0000641412132951907,
    "timestamp": "2025-11-04T05:59:36.881Z",
    "source": "2025-11-04T04:11:22.166Z0.8309732129265126"
  },
  {
    "id": "2025-11-04T05:58:36.969Z0.011984874054362105",
    "type": "buy",
    "market": "KRW-BTC",
    "price": 155891000,
    "amount": 0.00006414738503184917,
    "timestamp": "2025-11-04T05:58:36.969Z",
    "source": "2025-11-04T04:11:22.166Z0.8309732129265126"
  },
  {
    "id": "2025-11-04T05:58:36.865Z0.42789135736879513",
    "type": "buy",
    "market": "KRW-BTC",
    "price": 155913000,
    "amount": 0.0000641383335578175,
    "timestamp": "2025-11-04T05:58:36.865Z",
    "source": "2025-11-04T04:11:22.166Z0.8309732129265126"
  },
  {
    "id": "2025-11-04T05:57:36.962Z0.02961859912011089",
    "type": "buy",
    "market": "KRW-BTC",
    "price": 156000000,
    "amount": 0.0000641025641025641,
    "timestamp": "2025-11-04T05:57:36.962Z",
    "source": "2025-11-04T04:11:22.166Z0.8309732129265126"
  },
  {
    "id": "2025-11-04T05:57:36.875Z0.7150712076664556",
    "type": "buy",
    "market": "KRW-BTC",
    "price": 156001000,
    "amount": 0.00006410215319132569,
    "timestamp": "2025-11-04T05:57:36.875Z",
    "source": "2025-11-04T04:11:22.166Z0.8309732129265126"
  },
  {
    "id": "2025-11-04T05:56:36.962Z0.38212449966643125",
    "type": "buy",
    "market": "KRW-BTC",
    "price": 156322000,
    "amount": 0.00006397052238328578,
    "timestamp": "2025-11-04T05:56:36.962Z",
    "source": "2025-11-04T04:11:22.166Z0.8309732129265126"
  },
  {
    "id": "2025-11-04T05:56:36.871Z0.8564882382901722",
    "type": "buy",
    "market": "KRW-BTC",
    "price": 156328000,
    "amount": 0.00006396806714088327,
    "timestamp": "2025-11-04T05:56:36.871Z",
    "source": "2025-11-04T04:11:22.166Z0.8309732129265126"
  },
  {
    "id": "2025-11-04T05:55:36.944Z0.0941305817353717",
    "type": "buy",
    "market": "KRW-BTC",
    "price": 156500000,
    "amount": 0.00006389776357827476,
    "timestamp": "2025-11-04T05:55:36.944Z",
    "source": "2025-11-04T04:11:22.166Z0.8309732129265126"
  },
  {
    "id": "2025-11-04T05:55:36.856Z0.832839080692207",
    "type": "buy",
    "market": "KRW-BTC",
    "price": 156500000,
    "amount": 0.00006389776357827476,
    "timestamp": "2025-11-04T05:55:36.856Z",
    "source": "2025-11-04T04:11:22.166Z0.8309732129265126"
  },
  {
    "id": "2025-11-04T05:54:36.973Z0.25051716785142164",
    "type": "buy",
    "market": "KRW-BTC",
    "price": 156560000,
    "amount": 0.00006387327542156362,
    "timestamp": "2025-11-04T05:54:36.973Z",
    "source": "2025-11-04T04:11:22.166Z0.8309732129265126"
  },
  {
    "id": "2025-11-04T05:54:36.860Z0.024026574526828326",
    "type": "buy",
    "market": "KRW-BTC",
    "price": 156563000,
    "amount": 0.00006387205150642234,
    "timestamp": "2025-11-04T05:54:36.860Z",
    "source": "2025-11-04T04:11:22.166Z0.8309732129265126"
  },
  {
    "id": "2025-11-04T05:53:36.935Z0.09189440346752298",
    "type": "buy",
    "market": "KRW-BTC",
    "price": 156693000,
    "amount": 0.00006381906020051949,
    "timestamp": "2025-11-04T05:53:36.935Z",
    "source": "2025-11-04T04:11:22.166Z0.8309732129265126"
  },
  {
    "id": "2025-11-04T05:53:36.853Z0.571431295987763",
    "type": "buy",
    "market": "KRW-BTC",
    "price": 156695000,
    "amount": 0.00006381824563642745,
    "timestamp": "2025-11-04T05:53:36.853Z",
    "source": "2025-11-04T04:11:22.166Z0.8309732129265126"
  },
  {
    "id": "2025-11-04T05:52:36.921Z0.6446099202234375",
    "type": "buy",
    "market": "KRW-BTC",
    "price": 156882000,
    "amount": 0.00006374217564793921,
    "timestamp": "2025-11-04T05:52:36.921Z",
    "source": "2025-11-04T04:11:22.166Z0.8309732129265126"
  },
  {
    "id": "2025-11-04T05:52:36.826Z0.07560714174566152",
    "type": "buy",
    "market": "KRW-BTC",
    "price": 156882000,
    "amount": 0.00006374217564793921,
    "timestamp": "2025-11-04T05:52:36.826Z",
    "source": "2025-11-04T04:11:22.166Z0.8309732129265126"
  },
  {
    "id": "2025-11-04T05:51:36.929Z0.34904917859877604",
    "type": "buy",
    "market": "KRW-BTC",
    "price": 156982000,
    "amount": 0.00006370157088073792,
    "timestamp": "2025-11-04T05:51:36.929Z",
    "source": "2025-11-04T04:11:22.166Z0.8309732129265126"
  },
  {
    "id": "2025-11-04T05:51:36.837Z0.9006926085043565",
    "type": "buy",
    "market": "KRW-BTC",
    "price": 156982000,
    "amount": 0.00006370157088073792,
    "timestamp": "2025-11-04T05:51:36.837Z",
    "source": "2025-11-04T04:11:22.166Z0.8309732129265126"
  },
  {
    "id": "2025-11-04T05:50:36.925Z0.01824093967128937",
    "type": "buy",
    "market": "KRW-BTC",
    "price": 157001000,
    "amount": 0.00006369386182253616,
    "timestamp": "2025-11-04T05:50:36.925Z",
    "source": "2025-11-04T04:11:22.166Z0.8309732129265126"
  },
  {
    "id": "2025-11-04T05:50:36.841Z0.8539411216987649",
    "type": "buy",
    "market": "KRW-BTC",
    "price": 157001000,
    "amount": 0.00006369386182253616,
    "timestamp": "2025-11-04T05:50:36.841Z",
    "source": "2025-11-04T04:11:22.166Z0.8309732129265126"
  },
  {
    "id": "2025-11-04T05:49:36.921Z0.7875295528158397",
    "type": "buy",
    "market": "KRW-BTC",
    "price": 157000000,
    "amount": 0.00006369426751592356,
    "timestamp": "2025-11-04T05:49:36.921Z",
    "source": "2025-11-04T04:11:22.166Z0.8309732129265126"
  },
  {
    "id": "2025-11-04T05:49:36.824Z0.250789672619263",
    "type": "buy",
    "market": "KRW-BTC",
    "price": 157000000,
    "amount": 0.00006369426751592356,
    "timestamp": "2025-11-04T05:49:36.824Z",
    "source": "2025-11-04T04:11:22.166Z0.8309732129265126"
  },
  {
    "id": "2025-11-04T05:48:36.914Z0.23958448398620258",
    "type": "buy",
    "market": "KRW-BTC",
    "price": 157010000,
    "amount": 0.0000636902108145978,
    "timestamp": "2025-11-04T05:48:36.914Z",
    "source": "2025-11-04T04:11:22.166Z0.8309732129265126"
  },
  {
    "id": "2025-11-04T05:48:36.819Z0.2360712728255493",
    "type": "buy",
    "market": "KRW-BTC",
    "price": 157010000,
    "amount": 0.0000636902108145978,
    "timestamp": "2025-11-04T05:48:36.819Z",
    "source": "2025-11-04T04:11:22.166Z0.8309732129265126"
  },
  {
    "id": "2025-11-04T05:47:36.908Z0.3147993747413418",
    "type": "buy",
    "market": "KRW-BTC",
    "price": 157162000,
    "amount": 0.00006362861251447551,
    "timestamp": "2025-11-04T05:47:36.908Z",
    "source": "2025-11-04T04:11:22.166Z0.8309732129265126"
  },
  {
    "id": "2025-11-04T05:47:36.818Z0.1987058900665568",
    "type": "buy",
    "market": "KRW-BTC",
    "price": 157162000,
    "amount": 0.00006362861251447551,
    "timestamp": "2025-11-04T05:47:36.818Z",
    "source": "2025-11-04T04:11:22.166Z0.8309732129265126"
  },
  {
    "id": "2025-11-04T05:46:36.901Z0.9370250728338726",
    "type": "buy",
    "market": "KRW-BTC",
    "price": 157169000,
    "amount": 0.00006362577862046587,
    "timestamp": "2025-11-04T05:46:36.901Z",
    "source": "2025-11-04T04:11:22.166Z0.8309732129265126"
  },
  {
    "id": "2025-11-04T05:46:36.817Z0.049119176829453215",
    "type": "buy",
    "market": "KRW-BTC",
    "price": 157150000,
    "amount": 0.00006363347120585428,
    "timestamp": "2025-11-04T05:46:36.817Z",
    "source": "2025-11-04T04:11:22.166Z0.8309732129265126"
  },
  {
    "id": "2025-11-04T05:45:36.904Z0.9018360153974957",
    "type": "buy",
    "market": "KRW-BTC",
    "price": 157500000,
    "amount": 0.00006349206349206349,
    "timestamp": "2025-11-04T05:45:36.904Z",
    "source": "2025-11-04T04:11:22.166Z0.8309732129265126"
  },
  {
    "id": "2025-11-04T05:45:36.823Z0.43467021900498215",
    "type": "buy",
    "market": "KRW-BTC",
    "price": 157500000,
    "amount": 0.00006349206349206349,
    "timestamp": "2025-11-04T05:45:36.823Z",
    "source": "2025-11-04T04:11:22.166Z0.8309732129265126"
  },
  {
    "id": "2025-11-04T05:44:36.889Z0.35019603973760494",
    "type": "buy",
    "market": "KRW-BTC",
    "price": 157515000,
    "amount": 0.00006348601720471066,
    "timestamp": "2025-11-04T05:44:36.889Z",
    "source": "2025-11-04T04:11:22.166Z0.8309732129265126"
  },
  {
    "id": "2025-11-04T05:44:36.803Z0.14631970572620467",
    "type": "buy",
    "market": "KRW-BTC",
    "price": 157507000,
    "amount": 0.00006348924174798581,
    "timestamp": "2025-11-04T05:44:36.803Z",
    "source": "2025-11-04T04:11:22.166Z0.8309732129265126"
  },
  {
    "id": "2025-11-04T05:43:36.901Z0.18843080510825394",
    "type": "buy",
    "market": "KRW-BTC",
    "price": 157693000,
    "amount": 0.00006341435574185285,
    "timestamp": "2025-11-04T05:43:36.901Z",
    "source": "2025-11-04T04:11:22.166Z0.8309732129265126"
  },
  {
    "id": "2025-11-04T05:43:36.807Z0.6958795107748607",
    "type": "buy",
    "market": "KRW-BTC",
    "price": 157696000,
    "amount": 0.00006341314935064934,
    "timestamp": "2025-11-04T05:43:36.807Z",
    "source": "2025-11-04T04:11:22.166Z0.8309732129265126"
  },
  {
    "id": "2025-11-04T05:42:36.868Z0.6666259225486397",
    "type": "buy",
    "market": "KRW-BTC",
    "price": 157798000,
    "amount": 0.00006337215934295745,
    "timestamp": "2025-11-04T05:42:36.868Z",
    "source": "2025-11-04T04:11:22.166Z0.8309732129265126"
  },
  {
    "id": "2025-11-04T05:42:36.792Z0.4643057353456448",
    "type": "buy",
    "market": "KRW-BTC",
    "price": 157798000,
    "amount": 0.00006337215934295745,
    "timestamp": "2025-11-04T05:42:36.792Z",
    "source": "2025-11-04T04:11:22.166Z0.8309732129265126"
  },
  {
    "id": "2025-11-04T05:41:36.881Z0.3143730872228644",
    "type": "buy",
    "market": "KRW-BTC",
    "price": 157875000,
    "amount": 0.00006334125098970705,
    "timestamp": "2025-11-04T05:41:36.881Z",
    "source": "2025-11-04T04:11:22.166Z0.8309732129265126"
  },
  {
    "id": "2025-11-04T05:41:36.784Z0.9100026673998868",
    "type": "buy",
    "market": "KRW-BTC",
    "price": 157875000,
    "amount": 0.00006334125098970705,
    "timestamp": "2025-11-04T05:41:36.784Z",
    "source": "2025-11-04T04:11:22.166Z0.8309732129265126"
  },
  {
    "id": "2025-11-04T05:40:36.872Z0.1274715681505867",
    "type": "buy",
    "market": "KRW-BTC",
    "price": 158016000,
    "amount": 0.00006328473066018631,
    "timestamp": "2025-11-04T05:40:36.872Z",
    "source": "2025-11-04T04:11:22.166Z0.8309732129265126"
  },
  {
    "id": "2025-11-04T05:40:36.778Z0.4363497632158101",
    "type": "buy",
    "market": "KRW-BTC",
    "price": 158016000,
    "amount": 0.00006328473066018631,
    "timestamp": "2025-11-04T05:40:36.778Z",
    "source": "2025-11-04T04:11:22.166Z0.8309732129265126"
  },
  {
    "id": "2025-11-04T05:39:36.869Z0.2935373171886252",
    "type": "buy",
    "market": "KRW-BTC",
    "price": 157946000,
    "amount": 0.00006331277778481253,
    "timestamp": "2025-11-04T05:39:36.869Z",
    "source": "2025-11-04T04:11:22.166Z0.8309732129265126"
  },
  {
    "id": "2025-11-04T05:39:36.778Z0.2256077879813504",
    "type": "buy",
    "market": "KRW-BTC",
    "price": 157946000,
    "amount": 0.00006331277778481253,
    "timestamp": "2025-11-04T05:39:36.778Z",
    "source": "2025-11-04T04:11:22.166Z0.8309732129265126"
  },
  {
    "id": "2025-11-04T05:38:36.858Z0.7062452612884432",
    "type": "buy",
    "market": "KRW-BTC",
    "price": 158009000,
    "amount": 0.00006328753425437791,
    "timestamp": "2025-11-04T05:38:36.858Z",
    "source": "2025-11-04T04:11:22.166Z0.8309732129265126"
  },
  {
    "id": "2025-11-04T05:38:36.772Z0.5630234475144097",
    "type": "buy",
    "market": "KRW-BTC",
    "price": 158009000,
    "amount": 0.00006328753425437791,
    "timestamp": "2025-11-04T05:38:36.772Z",
    "source": "2025-11-04T04:11:22.166Z0.8309732129265126"
  },
  {
    "id": "2025-11-04T05:37:36.848Z0.5115672432007841",
    "type": "buy",
    "market": "KRW-BTC",
    "price": 158009000,
    "amount": 0.00006328753425437791,
    "timestamp": "2025-11-04T05:37:36.848Z",
    "source": "2025-11-04T04:11:22.166Z0.8309732129265126"
  },
  {
    "id": "2025-11-04T05:37:36.764Z0.9225792470620922",
    "type": "buy",
    "market": "KRW-BTC",
    "price": 158009000,
    "amount": 0.00006328753425437791,
    "timestamp": "2025-11-04T05:37:36.764Z",
    "source": "2025-11-04T04:11:22.166Z0.8309732129265126"
  },
  {
    "id": "2025-11-04T05:36:36.850Z0.4979279878342552",
    "type": "buy",
    "market": "KRW-BTC",
    "price": 158002000,
    "amount": 0.00006329033809698612,
    "timestamp": "2025-11-04T05:36:36.850Z",
    "source": "2025-11-04T04:11:22.166Z0.8309732129265126"
  },
  {
    "id": "2025-11-04T05:36:36.755Z0.20451330319685324",
    "type": "buy",
    "market": "KRW-BTC",
    "price": 158002000,
    "amount": 0.00006329033809698612,
    "timestamp": "2025-11-04T05:36:36.755Z",
    "source": "2025-11-04T04:11:22.166Z0.8309732129265126"
  },
  {
    "id": "2025-11-04T05:35:36.844Z0.9722256393758416",
    "type": "buy",
    "market": "KRW-BTC",
    "price": 158069000,
    "amount": 0.00006326351150446957,
    "timestamp": "2025-11-04T05:35:36.844Z",
    "source": "2025-11-04T04:11:22.166Z0.8309732129265126"
  },
  {
    "id": "2025-11-04T05:35:36.758Z0.13599739788068865",
    "type": "buy",
    "market": "KRW-BTC",
    "price": 158069000,
    "amount": 0.00006326351150446957,
    "timestamp": "2025-11-04T05:35:36.758Z",
    "source": "2025-11-04T04:11:22.166Z0.8309732129265126"
  },
  {
    "id": "2025-11-04T05:34:36.827Z0.11149178542625193",
    "type": "buy",
    "market": "KRW-BTC",
    "price": 158010000,
    "amount": 0.00006328713372571356,
    "timestamp": "2025-11-04T05:34:36.827Z",
    "source": "2025-11-04T04:11:22.166Z0.8309732129265126"
  },
  {
    "id": "2025-11-04T05:34:36.734Z0.8838645984709897",
    "type": "buy",
    "market": "KRW-BTC",
    "price": 158010000,
    "amount": 0.00006328713372571356,
    "timestamp": "2025-11-04T05:34:36.734Z",
    "source": "2025-11-04T04:11:22.166Z0.8309732129265126"
  },
  {
    "id": "2025-11-04T05:33:36.831Z0.11268425911970514",
    "type": "buy",
    "market": "KRW-BTC",
    "price": 158046000,
    "amount": 0.00006327271806942282,
    "timestamp": "2025-11-04T05:33:36.831Z",
    "source": "2025-11-04T04:11:22.166Z0.8309732129265126"
  },
  {
    "id": "2025-11-04T05:33:36.744Z0.3549655672566605",
    "type": "buy",
    "market": "KRW-BTC",
    "price": 158046000,
    "amount": 0.00006327271806942282,
    "timestamp": "2025-11-04T05:33:36.744Z",
    "source": "2025-11-04T04:11:22.166Z0.8309732129265126"
  },
  {
    "id": "2025-11-04T05:32:36.841Z0.3354393268085032",
    "type": "buy",
    "market": "KRW-BTC",
    "price": 158048000,
    "amount": 0.00006327191739218465,
    "timestamp": "2025-11-04T05:32:36.841Z",
    "source": "2025-11-04T04:11:22.166Z0.8309732129265126"
  },
  {
    "id": "2025-11-04T05:32:36.726Z0.9386202998730296",
    "type": "buy",
    "market": "KRW-BTC",
    "price": 158048000,
    "amount": 0.00006327191739218465,
    "timestamp": "2025-11-04T05:32:36.726Z",
    "source": "2025-11-04T04:11:22.166Z0.8309732129265126"
  },
  {
    "id": "2025-11-04T05:31:36.817Z0.6274680521178571",
    "type": "buy",
    "market": "KRW-BTC",
    "price": 158052000,
    "amount": 0.00006327031609849923,
    "timestamp": "2025-11-04T05:31:36.817Z",
    "source": "2025-11-04T04:11:22.166Z0.8309732129265126"
  },
  {
    "id": "2025-11-04T05:31:36.726Z0.5673934622792816",
    "type": "buy",
    "market": "KRW-BTC",
    "price": 158052000,
    "amount": 0.00006327031609849923,
    "timestamp": "2025-11-04T05:31:36.726Z",
    "source": "2025-11-04T04:11:22.166Z0.8309732129265126"
  },
  {
    "id": "2025-11-04T05:30:36.809Z0.704862258007907",
    "type": "buy",
    "market": "KRW-BTC",
    "price": 158281000,
    "amount": 0.00006317877698523511,
    "timestamp": "2025-11-04T05:30:36.809Z",
    "source": "2025-11-04T04:11:22.166Z0.8309732129265126"
  },
  {
    "id": "2025-11-04T05:30:36.736Z0.449388073667205",
    "type": "buy",
    "market": "KRW-BTC",
    "price": 158283000,
    "amount": 0.00006317797868374999,
    "timestamp": "2025-11-04T05:30:36.737Z",
    "source": "2025-11-04T04:11:22.166Z0.8309732129265126"
  },
  {
    "id": "2025-11-04T05:29:36.797Z0.9152925112855406",
    "type": "buy",
    "market": "KRW-BTC",
    "price": 158241000,
    "amount": 0.00006319474725260836,
    "timestamp": "2025-11-04T05:29:36.797Z",
    "source": "2025-11-04T04:11:22.166Z0.8309732129265126"
  },
  {
    "id": "2025-11-04T05:29:36.716Z0.97885067595535",
    "type": "buy",
    "market": "KRW-BTC",
    "price": 158189000,
    "amount": 0.00006321552067463604,
    "timestamp": "2025-11-04T05:29:36.716Z",
    "source": "2025-11-04T04:11:22.166Z0.8309732129265126"
  },
  {
    "id": "2025-11-04T05:28:36.788Z0.02286203065045822",
    "type": "buy",
    "market": "KRW-BTC",
    "price": 158288000,
    "amount": 0.00006317598301829577,
    "timestamp": "2025-11-04T05:28:36.788Z",
    "source": "2025-11-04T04:11:22.166Z0.8309732129265126"
  },
  {
    "id": "2025-11-04T05:28:36.708Z0.3876519478772129",
    "type": "buy",
    "market": "KRW-BTC",
    "price": 158300000,
    "amount": 0.00006317119393556538,
    "timestamp": "2025-11-04T05:28:36.708Z",
    "source": "2025-11-04T04:11:22.166Z0.8309732129265126"
  },
  {
    "id": "2025-11-04T05:27:36.764Z0.9769943810202567",
    "type": "buy",
    "market": "KRW-BTC",
    "price": 158318000,
    "amount": 0.00006316401167270936,
    "timestamp": "2025-11-04T05:27:36.764Z",
    "source": "2025-11-04T04:11:22.166Z0.8309732129265126"
  },
  {
    "id": "2025-11-04T05:27:36.689Z0.6330533608002092",
    "type": "buy",
    "market": "KRW-BTC",
    "price": 158318000,
    "amount": 0.00006316401167270936,
    "timestamp": "2025-11-04T05:27:36.689Z",
    "source": "2025-11-04T04:11:22.166Z0.8309732129265126"
  },
  {
    "id": "2025-11-04T05:26:36.780Z0.7245829063450899",
    "type": "buy",
    "market": "KRW-BTC",
    "price": 158359000,
    "amount": 0.0000631476581690968,
    "timestamp": "2025-11-04T05:26:36.780Z",
    "source": "2025-11-04T04:11:22.166Z0.8309732129265126"
  },
  {
    "id": "2025-11-04T05:26:36.702Z0.40552740449181246",
    "type": "buy",
    "market": "KRW-BTC",
    "price": 158359000,
    "amount": 0.0000631476581690968,
    "timestamp": "2025-11-04T05:26:36.702Z",
    "source": "2025-11-04T04:11:22.166Z0.8309732129265126"
  },
  {
    "id": "2025-11-04T05:25:36.749Z0.15749855317609007",
    "type": "buy",
    "market": "KRW-BTC",
    "price": 158640000,
    "amount": 0.00006303580433686334,
    "timestamp": "2025-11-04T05:25:36.749Z",
    "source": "2025-11-04T04:11:22.166Z0.8309732129265126"
  },
  {
    "id": "2025-11-04T05:25:36.673Z0.13463176145559974",
    "type": "buy",
    "market": "KRW-BTC",
    "price": 158640000,
    "amount": 0.00006303580433686334,
    "timestamp": "2025-11-04T05:25:36.673Z",
    "source": "2025-11-04T04:11:22.166Z0.8309732129265126"
  },
  {
    "id": "2025-11-04T05:24:36.749Z0.5844908966530934",
    "type": "buy",
    "market": "KRW-BTC",
    "price": 158600000,
    "amount": 0.00006305170239596469,
    "timestamp": "2025-11-04T05:24:36.749Z",
    "source": "2025-11-04T04:11:22.166Z0.8309732129265126"
  },
  {
    "id": "2025-11-04T05:24:36.677Z0.6481344045669828",
    "type": "buy",
    "market": "KRW-BTC",
    "price": 158601000,
    "amount": 0.0000630513048467538,
    "timestamp": "2025-11-04T05:24:36.677Z",
    "source": "2025-11-04T04:11:22.166Z0.8309732129265126"
  },
  {
    "id": "2025-11-04T05:23:36.740Z0.1981658096830482",
    "type": "buy",
    "market": "KRW-BTC",
    "price": 158841000,
    "amount": 0.0000629560377988051,
    "timestamp": "2025-11-04T05:23:36.740Z",
    "source": "2025-11-04T04:11:22.166Z0.8309732129265126"
  },
  {
    "id": "2025-11-04T05:23:36.659Z0.8938788456002268",
    "type": "buy",
    "market": "KRW-BTC",
    "price": 158841000,
    "amount": 0.0000629560377988051,
    "timestamp": "2025-11-04T05:23:36.659Z",
    "source": "2025-11-04T04:11:22.166Z0.8309732129265126"
  },
  {
    "id": "2025-11-04T05:22:36.729Z0.6154313306768201",
    "type": "buy",
    "market": "KRW-BTC",
    "price": 158848000,
    "amount": 0.00006295326349717969,
    "timestamp": "2025-11-04T05:22:36.729Z",
    "source": "2025-11-04T04:11:22.166Z0.8309732129265126"
  },
  {
    "id": "2025-11-04T05:22:36.659Z0.2710197869671558",
    "type": "buy",
    "market": "KRW-BTC",
    "price": 158848000,
    "amount": 0.00006295326349717969,
    "timestamp": "2025-11-04T05:22:36.659Z",
    "source": "2025-11-04T04:11:22.166Z0.8309732129265126"
  },
  {
    "id": "2025-11-04T05:21:36.710Z0.9685871884986456",
    "type": "buy",
    "market": "KRW-BTC",
    "price": 159001000,
    "amount": 0.00006289268620952069,
    "timestamp": "2025-11-04T05:21:36.710Z",
    "source": "2025-11-04T04:11:22.166Z0.8309732129265126"
  },
  {
    "id": "2025-11-04T05:21:36.635Z0.4467693865724367",
    "type": "buy",
    "market": "KRW-BTC",
    "price": 159001000,
    "amount": 0.00006289268620952069,
    "timestamp": "2025-11-04T05:21:36.635Z",
    "source": "2025-11-04T04:11:22.166Z0.8309732129265126"
  },
  {
    "id": "2025-11-04T05:20:36.709Z0.7240731348265338",
    "type": "buy",
    "market": "KRW-BTC",
    "price": 159088000,
    "amount": 0.00006285829226591572,
    "timestamp": "2025-11-04T05:20:36.709Z",
    "source": "2025-11-04T04:11:22.166Z0.8309732129265126"
  },
  {
    "id": "2025-11-04T05:20:36.640Z0.543287736202822",
    "type": "buy",
    "market": "KRW-BTC",
    "price": 159088000,
    "amount": 0.00006285829226591572,
    "timestamp": "2025-11-04T05:20:36.640Z",
    "source": "2025-11-04T04:11:22.166Z0.8309732129265126"
  },
  {
    "id": "2025-11-04T05:19:36.702Z0.5106014621801446",
    "type": "buy",
    "market": "KRW-BTC",
    "price": 159100000,
    "amount": 0.00006285355122564425,
    "timestamp": "2025-11-04T05:19:36.703Z",
    "source": "2025-11-04T04:11:22.166Z0.8309732129265126"
  },
  {
    "id": "2025-11-04T05:19:36.621Z0.8125842144032577",
    "type": "buy",
    "market": "KRW-BTC",
    "price": 159100000,
    "amount": 0.00006285355122564425,
    "timestamp": "2025-11-04T05:19:36.621Z",
    "source": "2025-11-04T04:11:22.166Z0.8309732129265126"
  },
  {
    "id": "2025-11-04T05:19:18.299Z0.0912126738252439",
    "type": "buy",
    "market": "KRW-BTC",
    "price": 159120000,
    "amount": 0.00006284565108094519,
    "timestamp": "2025-11-04T05:19:18.299Z",
    "source": "2025-11-04T04:11:22.166Z0.8309732129265126"
  },
  {
    "id": "2025-11-04T05:19:18.252Z0.3140744573192368",
    "type": "buy",
    "market": "KRW-BTC",
    "price": 159120000,
    "amount": 0.00006284565108094519,
    "timestamp": "2025-11-04T05:19:18.252Z",
    "source": "2025-11-04T04:11:22.166Z0.8309732129265126"
  },
  {
    "id": "2025-11-04T05:18:54.216Z0.10438623181317952",
    "type": "buy",
    "market": "KRW-BTC",
    "price": 159191000,
    "amount": 0.000062817621599211,
    "timestamp": "2025-11-04T05:18:54.217Z",
    "source": "2025-11-04T04:11:22.166Z0.8309732129265126"
  },
  {
    "id": "2025-11-04T05:18:54.162Z0.7950240261779801",
    "type": "buy",
    "market": "KRW-BTC",
    "price": 159190000,
    "amount": 0.00006281801620704818,
    "timestamp": "2025-11-04T05:18:54.162Z",
    "source": "2025-11-04T04:11:22.166Z0.8309732129265126"
  },
  {
    "id": "2025-11-04T05:18:36.679Z0.8129651735973794",
    "type": "buy",
    "market": "KRW-BTC",
    "price": 159200000,
    "amount": 0.0000628140703517588,
    "timestamp": "2025-11-04T05:18:36.679Z",
    "source": "2025-11-04T04:11:22.166Z0.8309732129265126"
  },
  {
    "id": "2025-11-04T05:18:36.615Z0.4417480136033852",
    "type": "buy",
    "market": "KRW-BTC",
    "price": 159201000,
    "amount": 0.00006281367579349375,
    "timestamp": "2025-11-04T05:18:36.615Z",
    "source": "2025-11-04T04:11:22.166Z0.8309732129265126"
  },
  {
    "id": "2025-11-04T05:18:30.223Z0.9877092778053929",
    "type": "buy",
    "market": "KRW-BTC",
    "price": 159201000,
    "amount": 0.00006281367579349375,
    "timestamp": "2025-11-04T05:18:30.223Z",
    "source": "2025-11-04T04:11:22.166Z0.8309732129265126"
  },
  {
    "id": "2025-11-04T05:18:30.172Z0.8150611734047434",
    "type": "buy",
    "market": "KRW-BTC",
    "price": 159201000,
    "amount": 0.00006281367579349375,
    "timestamp": "2025-11-04T05:18:30.172Z",
    "source": "2025-11-04T04:11:22.166Z0.8309732129265126"
  },
  {
    "id": "2025-11-04T05:18:06.195Z0.8727720083511178",
    "type": "buy",
    "market": "KRW-BTC",
    "price": 159212000,
    "amount": 0.00006280933597970002,
    "timestamp": "2025-11-04T05:18:06.195Z",
    "source": "2025-11-04T04:11:22.166Z0.8309732129265126"
  },
  {
    "id": "2025-11-04T05:18:06.153Z0.6320147942177728",
    "type": "buy",
    "market": "KRW-BTC",
    "price": 159212000,
    "amount": 0.00006280933597970002,
    "timestamp": "2025-11-04T05:18:06.161Z",
    "source": "2025-11-04T04:11:22.166Z0.8309732129265126"
  },
  {
    "id": "2025-11-04T05:17:36.688Z0.5379909080075898",
    "type": "buy",
    "market": "KRW-BTC",
    "price": 159237000,
    "amount": 0.00006279947499638903,
    "timestamp": "2025-11-04T05:17:36.688Z",
    "source": "2025-11-04T04:11:22.166Z0.8309732129265126"
  },
  {
    "id": "2025-11-04T05:17:36.630Z0.07446305396753117",
    "type": "buy",
    "market": "KRW-BTC",
    "price": 159237000,
    "amount": 0.00006279947499638903,
    "timestamp": "2025-11-04T05:17:36.630Z",
    "source": "2025-11-04T04:11:22.166Z0.8309732129265126"
  },
  {
    "id": "2025-11-04T05:16:36.675Z0.30886695180155566",
    "type": "buy",
    "market": "KRW-BTC",
    "price": 159372000,
    "amount": 0.00006274627914564666,
    "timestamp": "2025-11-04T05:16:36.675Z",
    "source": "2025-11-04T04:11:22.166Z0.8309732129265126"
  },
  {
    "id": "2025-11-04T05:16:36.608Z0.010852947835150117",
    "type": "buy",
    "market": "KRW-BTC",
    "price": 159372000,
    "amount": 0.00006274627914564666,
    "timestamp": "2025-11-04T05:16:36.608Z",
    "source": "2025-11-04T04:11:22.166Z0.8309732129265126"
  },
  {
    "id": "2025-11-04T05:15:36.665Z0.5222189100022449",
    "type": "buy",
    "market": "KRW-BTC",
    "price": 159617000,
    "amount": 0.00006264996836176598,
    "timestamp": "2025-11-04T05:15:36.665Z",
    "source": "2025-11-04T04:11:22.166Z0.8309732129265126"
  },
  {
    "id": "2025-11-04T05:15:36.586Z0.6541329689507636",
    "type": "buy",
    "market": "KRW-BTC",
    "price": 159617000,
    "amount": 0.00006264996836176598,
    "timestamp": "2025-11-04T05:15:36.586Z",
    "source": "2025-11-04T04:11:22.166Z0.8309732129265126"
  },
  {
    "id": "2025-11-04T05:14:36.681Z0.6059953223507935",
    "type": "buy",
    "market": "KRW-BTC",
    "price": 159618000,
    "amount": 0.00006264957586237141,
    "timestamp": "2025-11-04T05:14:36.681Z",
    "source": "2025-11-04T04:11:22.166Z0.8309732129265126"
  },
  {
    "id": "2025-11-04T05:14:36.599Z0.1959088393288212",
    "type": "buy",
    "market": "KRW-BTC",
    "price": 159618000,
    "amount": 0.00006264957586237141,
    "timestamp": "2025-11-04T05:14:36.599Z",
    "source": "2025-11-04T04:11:22.166Z0.8309732129265126"
  },
  {
    "id": "2025-11-04T05:13:36.663Z0.6114278930151839",
    "type": "buy",
    "market": "KRW-BTC",
    "price": 159618000,
    "amount": 0.00006264957586237141,
    "timestamp": "2025-11-04T05:13:36.663Z",
    "source": "2025-11-04T04:11:22.166Z0.8309732129265126"
  },
  {
    "id": "2025-11-04T05:13:36.578Z0.852854713635527",
    "type": "buy",
    "market": "KRW-BTC",
    "price": 159618000,
    "amount": 0.00006264957586237141,
    "timestamp": "2025-11-04T05:13:36.578Z",
    "source": "2025-11-04T04:11:22.166Z0.8309732129265126"
  },
  {
    "id": "2025-11-04T05:12:36.645Z0.6757277334807142",
    "type": "buy",
    "market": "KRW-BTC",
    "price": 159694000,
    "amount": 0.00006261976029155761,
    "timestamp": "2025-11-04T05:12:36.645Z",
    "source": "2025-11-04T04:11:22.166Z0.8309732129265126"
  },
  {
    "id": "2025-11-04T05:12:36.565Z0.6603733223110838",
    "type": "buy",
    "market": "KRW-BTC",
    "price": 159695000,
    "amount": 0.00006261936817057515,
    "timestamp": "2025-11-04T05:12:36.565Z",
    "source": "2025-11-04T04:11:22.166Z0.8309732129265126"
  },
  {
    "id": "2025-11-04T05:11:36.637Z0.09308591673502176",
    "type": "buy",
    "market": "KRW-BTC",
    "price": 159694000,
    "amount": 0.00006261976029155761,
    "timestamp": "2025-11-04T05:11:36.637Z",
    "source": "2025-11-04T04:11:22.166Z0.8309732129265126"
  },
  {
    "id": "2025-11-04T05:11:36.554Z0.31993753610369857",
    "type": "buy",
    "market": "KRW-BTC",
    "price": 159694000,
    "amount": 0.00006261976029155761,
    "timestamp": "2025-11-04T05:11:36.554Z",
    "source": "2025-11-04T04:11:22.166Z0.8309732129265126"
  },
  {
    "id": "2025-11-04T05:10:36.622Z0.008774906188444676",
    "type": "buy",
    "market": "KRW-BTC",
    "price": 159695000,
    "amount": 0.00006261936817057515,
    "timestamp": "2025-11-04T05:10:36.622Z",
    "source": "2025-11-04T04:11:22.166Z0.8309732129265126"
  },
  {
    "id": "2025-11-04T05:10:36.546Z0.7536943340512977",
    "type": "buy",
    "market": "KRW-BTC",
    "price": 159695000,
    "amount": 0.00006261936817057515,
    "timestamp": "2025-11-04T05:10:36.546Z",
    "source": "2025-11-04T04:11:22.166Z0.8309732129265126"
  },
  {
    "id": "2025-11-04T05:09:36.609Z0.9892651670857591",
    "type": "buy",
    "market": "KRW-BTC",
    "price": 159500000,
    "amount": 0.00006269592476489028,
    "timestamp": "2025-11-04T05:09:36.609Z",
    "source": "2025-11-04T04:11:22.166Z0.8309732129265126"
  },
  {
    "id": "2025-11-04T05:09:36.521Z0.42292847008190304",
    "type": "buy",
    "market": "KRW-BTC",
    "price": 159500000,
    "amount": 0.00006269592476489028,
    "timestamp": "2025-11-04T05:09:36.521Z",
    "source": "2025-11-04T04:11:22.166Z0.8309732129265126"
  },
  {
    "id": "2025-11-04T05:08:36.591Z0.12840371500873105",
    "type": "buy",
    "market": "KRW-BTC",
    "price": 159499000,
    "amount": 0.00006269631784525295,
    "timestamp": "2025-11-04T05:08:36.591Z",
    "source": "2025-11-04T04:11:22.166Z0.8309732129265126"
  },
  {
    "id": "2025-11-04T05:08:36.512Z0.41156714303684194",
    "type": "buy",
    "market": "KRW-BTC",
    "price": 159499000,
    "amount": 0.00006269631784525295,
    "timestamp": "2025-11-04T05:08:36.512Z",
    "source": "2025-11-04T04:11:22.166Z0.8309732129265126"
  },
  {
    "id": "2025-11-04T05:07:36.581Z0.15554234310804615",
    "type": "buy",
    "market": "KRW-BTC",
    "price": 159500000,
    "amount": 0.00006269592476489028,
    "timestamp": "2025-11-04T05:07:36.581Z",
    "source": "2025-11-04T04:11:22.166Z0.8309732129265126"
  },
  {
    "id": "2025-11-04T05:07:36.507Z0.1375148867425755",
    "type": "buy",
    "market": "KRW-BTC",
    "price": 159500000,
    "amount": 0.00006269592476489028,
    "timestamp": "2025-11-04T05:07:36.507Z",
    "source": "2025-11-04T04:11:22.166Z0.8309732129265126"
  },
  {
    "id": "2025-11-04T05:06:36.566Z0.8143570262165293",
    "type": "buy",
    "market": "KRW-BTC",
    "price": 159474000,
    "amount": 0.00006270614645647567,
    "timestamp": "2025-11-04T05:06:36.566Z",
    "source": "2025-11-04T04:11:22.166Z0.8309732129265126"
  },
  {
    "id": "2025-11-04T05:06:36.489Z0.0969467078564854",
    "type": "buy",
    "market": "KRW-BTC",
    "price": 159474000,
    "amount": 0.00006270614645647567,
    "timestamp": "2025-11-04T05:06:36.489Z",
    "source": "2025-11-04T04:11:22.166Z0.8309732129265126"
  },
  {
    "id": "2025-11-04T05:05:36.563Z0.08508102498927472",
    "type": "buy",
    "market": "KRW-BTC",
    "price": 159494000,
    "amount": 0.00006269828332100267,
    "timestamp": "2025-11-04T05:05:36.563Z",
    "source": "2025-11-04T04:11:22.166Z0.8309732129265126"
  },
  {
    "id": "2025-11-04T05:05:36.477Z0.8781697981379272",
    "type": "buy",
    "market": "KRW-BTC",
    "price": 159494000,
    "amount": 0.00006269828332100267,
    "timestamp": "2025-11-04T05:05:36.477Z",
    "source": "2025-11-04T04:11:22.166Z0.8309732129265126"
  },
  {
    "id": "2025-11-04T05:04:36.556Z0.6597157476658766",
    "type": "buy",
    "market": "KRW-BTC",
    "price": 159643000,
    "amount": 0.0000626397649756018,
    "timestamp": "2025-11-04T05:04:36.556Z",
    "source": "2025-11-04T04:11:22.166Z0.8309732129265126"
  },
  {
    "id": "2025-11-04T05:04:36.469Z0.4747290703663254",
    "type": "buy",
    "market": "KRW-BTC",
    "price": 159643000,
    "amount": 0.0000626397649756018,
    "timestamp": "2025-11-04T05:04:36.469Z",
    "source": "2025-11-04T04:11:22.166Z0.8309732129265126"
  },
  {
    "id": "2025-11-04T05:03:36.540Z0.11358661784136026",
    "type": "buy",
    "market": "KRW-BTC",
    "price": 159696000,
    "amount": 0.00006261897605450355,
    "timestamp": "2025-11-04T05:03:36.540Z",
    "source": "2025-11-04T04:11:22.166Z0.8309732129265126"
  },
  {
    "id": "2025-11-04T05:03:36.469Z0.4658874480191053",
    "type": "buy",
    "market": "KRW-BTC",
    "price": 159696000,
    "amount": 0.00006261897605450355,
    "timestamp": "2025-11-04T05:03:36.469Z",
    "source": "2025-11-04T04:11:22.166Z0.8309732129265126"
  },
  {
    "id": "2025-11-04T05:02:36.532Z0.961457030215085",
    "type": "buy",
    "market": "KRW-BTC",
    "price": 159749000,
    "amount": 0.00006259820092770534,
    "timestamp": "2025-11-04T05:02:36.532Z",
    "source": "2025-11-04T04:11:22.166Z0.8309732129265126"
  },
  {
    "id": "2025-11-04T05:02:36.452Z0.6759599382417752",
    "type": "buy",
    "market": "KRW-BTC",
    "price": 159750000,
