[
  {
    "id": "2025-11-06T00:06:17.918Z0.28200372429200404",
    "type": "buy",
    "market": "KRW-BTC",
    "price": 155114000,
    "amount": 0.00032234356666709644,
    "timestamp": "2025-11-06T00:06:17.918Z",
    "source": "2025-11-05T08:25:30.489Z0.463710673961543"
  },
  {
    "id": "2025-11-06T00:06:17.881Z0.45530391953170946",
    "type": "buy",
    "market": "KRW-BTC",
    "price": 155114000,
    "amount": 0.00032234356666709644,
    "timestamp": "2025-11-06T00:06:17.881Z",
    "source": "2025-11-05T08:25:30.489Z0.463710673961543"
  },
  {
    "id": "2025-11-06T00:05:47.903Z0.5553024453253651",
    "type": "buy",
    "market": "KRW-BTC",
    "price": 155282000,
    "amount": 0.00032199482232325705,
    "timestamp": "2025-11-06T00:05:47.903Z",
    "source": "2025-11-05T08:25:30.489Z0.463710673961543"
  },
  {
    "id": "2025-11-06T00:05:47.866Z0.877780639198278",
    "type": "buy",
    "market": "KRW-BTC",
    "price": 155282000,
    "amount": 0.00032199482232325705,
    "timestamp": "2025-11-06T00:05:47.866Z",
    "source": "2025-11-05T08:25:30.489Z0.463710673961543"
  },
  {
    "id": "2025-11-06T00:05:17.918Z0.9046880231470571",
    "type": "buy",
    "market": "KRW-BTC",
    "price": 155350000,
    "amount": 0.000321853878339234,
    "timestamp": "2025-11-06T00:05:17.918Z",
    "source": "2025-11-05T08:25:30.489Z0.463710673961543"
  },
  {
    "id": "2025-11-06T00:05:17.879Z0.7113364927851563",
    "type": "buy",
    "market": "KRW-BTC",
    "price": 155350000,
    "amount": 0.000321853878339234,
    "timestamp": "2025-11-06T00:05:17.879Z",
    "source": "2025-11-05T08:25:30.489Z0.463710673961543"
  },
  {
    "id": "2025-11-06T00:04:47.897Z0.3817751282546159",
    "type": "buy",
    "market": "KRW-BTC",
    "price": 155443000,
    "amount": 0.0003216613163667711,
    "timestamp": "2025-11-06T00:04:47.897Z",
    "source": "2025-11-05T08:25:30.489Z0.463710673961543"
  },
  {
    "id": "2025-11-06T00:04:47.868Z0.16353349829948227",
    "type": "buy",
    "market": "KRW-BTC",
    "price": 155443000,
    "amount": 0.0003216613163667711,
    "timestamp": "2025-11-06T00:04:47.868Z",
    "source": "2025-11-05T08:25:30.489Z0.463710673961543"
  },
  {
    "id": "2025-11-06T00:04:17.901Z0.6768013541795128",
    "type": "buy",
    "market": "KRW-BTC",
    "price": 155512000,
    "amount": 0.00032151859663562943,
    "timestamp": "2025-11-06T00:04:17.901Z",
    "source": "2025-11-05T08:25:30.489Z0.463710673961543"
  },
  {
    "id": "2025-11-06T00:04:17.866Z0.9292027567841193",
    "type": "buy",
    "market": "KRW-BTC",
    "price": 155512000,
    "amount": 0.00032151859663562943,
    "timestamp": "2025-11-06T00:04:17.866Z",
    "source": "2025-11-05T08:25:30.489Z0.463710673961543"
  },
  {
    "id": "2025-11-06T00:03:47.926Z0.006498496084273775",
    "type": "buy",
    "market": "KRW-BTC",
    "price": 155583000,
    "amount": 0.0003213718722482533,
    "timestamp": "2025-11-06T00:03:47.926Z",
    "source": "2025-11-05T08:25:30.489Z0.463710673961543"
  },
  {
    "id": "2025-11-06T00:03:47.885Z0.25621284667711397",
    "type": "buy",
    "market": "KRW-BTC",
    "price": 155583000,
    "amount": 0.0003213718722482533,
    "timestamp": "2025-11-06T00:03:47.885Z",
    "source": "2025-11-05T08:25:30.489Z0.463710673961543"
  },
  {
    "id": "2025-11-06T00:03:17.902Z0.08662751455713902",
    "type": "buy",
    "market": "KRW-BTC",
    "price": 155681000,
    "amount": 0.0003211695711101547,
    "timestamp": "2025-11-06T00:03:17.902Z",
    "source": "2025-11-05T08:25:30.489Z0.463710673961543"
  },
  {
    "id": "2025-11-06T00:03:17.871Z0.4575144409668226",
    "type": "buy",
    "market": "KRW-BTC",
    "price": 155681000,
    "amount": 0.0003211695711101547,
    "timestamp": "2025-11-06T00:03:17.871Z",
    "source": "2025-11-05T08:25:30.489Z0.463710673961543"
  },
  {
    "id": "2025-11-06T00:02:47.899Z0.1319701801017854",
    "type": "buy",
    "market": "KRW-BTC",
    "price": 155724000,
    "amount": 0.0003210808866969767,
    "timestamp": "2025-11-06T00:02:47.899Z",
    "source": "2025-11-05T08:25:30.489Z0.463710673961543"
  },
  {
    "id": "2025-11-06T00:02:47.865Z0.09527974822263907",
    "type": "buy",
    "market": "KRW-BTC",
    "price": 155724000,
    "amount": 0.0003210808866969767,
    "timestamp": "2025-11-06T00:02:47.865Z",
    "source": "2025-11-05T08:25:30.489Z0.463710673961543"
  },
  {
    "id": "2025-11-05T23:58:48.387Z0.13437439736073142",
    "type": "buy",
    "market": "KRW-BTC",
    "price": 156007000,
    "amount": 0.00032049843917260123,
    "timestamp": "2025-11-05T23:58:48.387Z",
    "source": "2025-11-05T08:25:33.864Z0.6781400701635576"
  },
  {
    "id": "2025-11-05T23:58:48.341Z0.30970790922820823",
    "type": "buy",
    "market": "KRW-BTC",
    "price": 156007000,
    "amount": 0.00032049843917260123,
    "timestamp": "2025-11-05T23:58:48.341Z",
    "source": "2025-11-05T08:25:33.864Z0.6781400701635576"
  },
  {
    "id": "2025-11-05T23:57:29.409Z0.8167243177403306",
    "type": "buy",
    "market": "KRW-BTC",
    "price": 156041000,
    "amount": 0.00032042860530245257,
    "timestamp": "2025-11-05T23:57:29.409Z",
    "source": "2025-11-05T08:25:33.864Z0.6781400701635576"
  },
  {
    "id": "2025-11-05T23:57:29.375Z0.15497347046119003",
    "type": "buy",
    "market": "KRW-BTC",
    "price": 156041000,
    "amount": 0.00032042860530245257,
    "timestamp": "2025-11-05T23:57:29.375Z",
    "source": "2025-11-05T08:25:33.864Z0.6781400701635576"
  },
  {
    "id": "2025-11-05T08:26:03.903Z0.8505172866471603",
    "type": "buy",
    "market": "KRW-BTC",
    "price": 150901000,
    "amount": 0.00004141788324795727,
    "timestamp": "2025-11-05T08:26:03.903Z",
    "source": "2025-11-05T08:25:33.864Z0.6781400701635576"
  },
  {
    "id": "2025-11-05T08:26:00.528Z0.19293122426437026",
    "type": "buy",
    "market": "KRW-BTC",
    "price": 150944000,
    "amount": 0.000082812168751325,
    "timestamp": "2025-11-05T08:26:00.528Z",
    "source": "2025-11-05T08:25:30.489Z0.463710673961543"
  },
  {
    "id": "2025-11-05T08:25:33.904Z0.959756339313698",
    "type": "buy",
    "market": "KRW-BTC",
    "price": 150909000,
    "amount": 0.00016566275039924723,
    "timestamp": "2025-11-05T08:25:33.904Z",
    "source": "2025-11-05T08:25:33.864Z0.6781400701635576"
  },
  {
    "id": "2025-11-05T08:25:30.528Z0.9241590735291512",
    "type": "buy",
    "market": "KRW-BTC",
    "price": 150855000,
    "amount": 0.00033144410195220576,
    "timestamp": "2025-11-05T08:25:30.528Z",
    "source": "2025-11-05T08:25:30.489Z0.463710673961543"
  }
]